2588 4560
175 443 181 465 .
247 332 318 445 ¹48·

246 515 454 631 admodum
489 546 650 619 cuncta,
685 550 787 634 quae
821 533 965 609 mundo
998 539 1249 635 continerem

141 666 147 680 ¹
246 663 333 733 tur,
358 664 485 721 certae
510 639 670 722 normae
694 642 920 721 subiectum.
980 652 1110 750 Quare
1138 678 1245 755 quae

131 754 137 763 ’
244 760 367 862 priori
392 758 481 833 loco
501 737 736 856 proponitur
748 760 960 848 sententia,
985 766 1123 839 Parcas
1142 757 1260 842 Deo-⁸

96 877 99 887 “
152 942 155 947 .
244 892 333 948 rum
359 888 521 1002 peccata
543 868 739 972 persequi
762 887 800 943 ct
825 869 1041 964 vindicare,
1078 875 1152 954 hoc
1177 904 1246 979 po·

247 966 400 1075 steriorl
426 1009 505 1059 non
530 983 691 1084 legitur,
717 983 862 1113 quippe
881 988 985 1062 lovis
1009 985 1111 1063 liliae
1128 1010 1244 1089 patre

243 1099 462 1201 superiores
487 1105 569 1170 esse'
596 1117 674 1169 non
691 1098 892 1195 possint.
886 1103 1093 1179 Saturnus
1109 1122 1243 1177 autem

242 1208 326 1290 fato
343 1205 531 1284 obnoxius
545 1205 784 1310 perhibetur.
810 1235 846 1283 v.
861 1219 935 1306 464
952 1231 991 1285 et
1009 1221 1244 1312 475.U1ra·

209 1390 211 1395 ,
244 1348 322 1425 que
347 1326 554 1412 Parcarum
581 1319 813 1429 descriptio,
841 1323 875 1396 si
893 1351 915 1397 a
932 1323 1154 1402 diversitate
1172 1327 1245 1411 illa

147 1454 150 1471 ·
186 1478 188 1489 ·
235 1435 369 1510 qusius
388 1431 580 1533 explicata
595 1431 839 1523 discesseris,
866 1433 940 1512 hnc
955 1454 1166 1517 commune
1176 1441 1244 1517 ha·

217 1550 218 1555 ’
244 1549 328 1637 bet,
365 1543 471 1650 quod
496 1544 562 1620 illa
589 1546 751 1622 numina
775 1548 944 1625 iustitias
976 1550 1149 1654 partibus
1175 1553 1243 1628 ad·

160 1760 164 1767 Ι
243 1677 524 1736 numerantur..
568 1662 671 1734 Nam
705 1658 886 1738 versibus
913 1685 987 1739 220
1005 1691 1089 1769 sqq
1123 1685 1240 1809 poeta
1284 1687 1291 1703 ·

241 1771 418 1849 Parcas
407 1790 463 1847 tta
488 1770 612 1846 canit.

210 1917 214 1922 ²
300 1925 359 1997 alr
360 1915 493 2033 ’,αἰνδςΑ
467 1953 509 1999 ων
525 1952 560 1998 τε
577 1917 668 2001 Setis
685 1945 720 1998 ’τε
733 1912 977 2034 παραιβασιας
991 1925 1190 2031 ipiaeou'rctj

300 2044 460 2128 orl-linars
476 2042 623 2147 λη”γουσι
640 2049 722 2130 Sea>
739 2042 843 2141 dotale
861 2048 975 2159 χόλοὶο
1020 2032 1024 2040 ’

300 2177 375 2292 urgit
393 2181 429 2277 γ’
442 2176 514 2253 'cirri
530 2186 582 2282 τῷ
598 2172 710 2257 lolam
725 2173 834 2274 uouit
852 2177 928 2280 dart
942 2175 1029 2263 dotis
1046 2166 1203 2292 dyadem,
1225 2213 1229 2227 ·

45 2406 48 2415 .
242 2326 394 2410 Pariter
417 2320 541 2406 altero
566 2331 653 2406 loco
669 2338 830 2419 Parcae,
857 2344 995 2429 utpote
1009 2351 1111 2433 quae
1127 2334 1243 2411 iusti.

241 2450 342 2534 tiae,
368 2443 585 2546 aequitatis
598 2463 638 2519 et
661 2444 765 2545 pacis
792 2468 947 2520 sorores
969 2443 1171 2550 feruntur,
1198 2449 1241 2526 vi

243 2586 319 2639 sua
350 2578 388 2633 et
421 2575 619 2659 potestate
649 2557 785 2634 n'ullae
816 2554 916 2632 aliae
937 2581 1027 2631 esse
1052 2578 1239 2656 possunt,

239 2673 316 2748 nisi
332 2671 458 2747 sociae
476 2688 515 2744 et
530 2662 763 2748 adiutrices
753 2658 937 2754 iustitiae.
987 2673 1114 2774 Quare
1129 2668 1239 2744 Wol-

143 2829 146 2833 ·
239 2783 316 2860 lius
349 2784 517 2885 priorem
550 2779 679 2859 locum
714 2802 856 2859 temere
876 2780 978 2859 ideo
1012 2804 1240 2884 suspectum

232 2897 376 2985 'haben
401 2894 507 2998 quod
521 2920 718 3009 nusquam
736 2896 820 2971 de
810 2896 978 2971 iustitiae
995 2895 1241 2971 administra·

116 3017 119 3025 '
237 3011 364 3098 tione,
392 3010 519 3083 Parcis
541 3011 768 3100 commissa,
793 3009 1005 3112 quidquam
1028 3002 1240 3084 memoriae

238 3121 487 3225 prodatur.c
466 3121 514 3196 cl.
536 3121 722 3198 Heinrich
749 3124 799 3199 ad
826 3145 924 3200 scut.
952 3127 1067 3199 Herc.
1094 3146 1128 3223 p.
1155 3135 1238 3219 184.

136 3227 140 3236 ’
238 3235 361 3333 igitur
385 3230 456 3309 lati
480 3232 633 3309 indoles
672 3234 724 3310 ab
746 3234 920 3311 Hesiodo
954 3258 1131 3335 expressa
1158 3259 1239 3308 ma-

238 3347 319 3446 gis,
337 3368 454 3448 quam
471 3348 686 3431 erratione
704 3350 917 3425 carminum
935 3347 1236 3440 Homericoruut

158 3460 176 3500 ·’
235 3474 421 3534 revocata
446 3478 502 3532 est
529 3457 581 3531 ad
604 3458 817 3534 morum-et
834 3462 984 3534 virtutis
1010 3478 1235 3558 praecepta.

135 3634 137 3638 .
236 3567 602 3647 sentumnorculis
627 3572 765 3647 merito
800 3570 850 3647 ab
875 3571 1053 3647 Hesiodo
1081 3568 1237 3643 atiudi·
1267 3571 1271 3587 '

234 3692 366 3760 catum
396 3707 509 3760 versu
537 3698 608 3770 288
633 3711 717 3787 sqq.
754 3685 1025 3789 (quiquidem
1048 3709 1182 3761 versus
1208 3708 1235 3758 a

111 3835 123 3848 ¹*
233 3796 469 3899 quibusdam
507 3798 596 3870 viris
628 3796 748 3872 doctis
772 3799 897 3884 serius
921 3798 1235 3897 obtrusiputan·

233 3916 325 4017 tur)
356 3909 426 3987 illa
459 3911 620 4039 numina
652 3930 839 4015 tanquam
872 3910 1031 3992 lethalia
1054 3906 1231 3998 exhibet,

543 4219 584 4266 ''t
682 4259 687 4265 .
