2588 4560
978 282 985 365 f
1026 300 1074 383 ιιι

67 508 217 587 cillime
241 507 513 617 derelicturum
530 525 690 583 etcum
717 509 800 583 aliis
822 525 1072 584 muratarum.

68 623 144 699 Od
171 631 214 712 6,
239 632 370 726 dsqq.
382 616 613 733 Phaeaces
632 646 656 696 a
690 614 932 733 Cycldpi'b'us
961 602 1078 718 pulsi*

63 734 295 815 Scheriam
293 732 556 812 concessisse
575 702 811 809 narrantur
848 714 1069 811 Nausithoo

65 844 191 955 duce,
217 847 291 977 qui·
310 844 465 935 urbem,
491 845 647 934 domus,
673 842 818 974 templa
844 826 1071 921 aedificave-

59 960 140 1048 rit,
167 979 207 1035 et
230 955 372 1063 cuiq'ue
397 976 512 1059 agros
538 959 809 1061 assignaverit.
861 955 1074 1032 Menelaus
1142 1032 1144 1037 ,

64 1072 140 1149 Od
160 1084 302 1172 4,174
335 1072 375 1146 iu
410 1071 608 1179 colloquio
638 1098 727 1149 cum
760 1064 1065 1175 Telemachum

65 1184 199 1283 animo
232 1184 419 1287 habuisse
453 1205 677 1289 asseverat,
722 1164 908 1287 Ulyssem
941 1175 1075 1259 Trnia'

63 1278 251 1376 'reducem
276 1326 365 1375 cum
401 1297 509 1375 bonis
535 1320 575 1376 et
603 1296 783 1376 filiosuo
806 1299 1065 1398 omnibusque

56 1409 266 1513 populis
254 1437 296 1484 ιιι
323 1406 462 1513 Ar'gos
471 1412 672 1507 traducere
703 1414 836 1514 ibique
869 1439 906 1488 er
895 1408 1073 1489 urbem·

10 1602 14 1613 ,
63 1520 235 1629 aliquam
267 1521 408 1600 incolis
442 1524 594 1602 eductis
632 1526 882 1606 habitandam
908 1523 1065 1627 permit·
1102 1522 1113 1557 '·

60 1654 158 1713 tere.
208 1640 296 1711 Hoc
319 1648 444 1712 rerum
470 1657 575 1712 statu
602 1643 739 1716 animis
758 1632 1062 1733 ¹Graecorumis

60 1774 172 1824 arnor
199 1746 357 1851 patriae
374 1748 542 1824 insidere
567 1778 645 1833 nou
674 1770 847 1856 poterat,
890 1776 971 1853 quo
1000 1775 1063 1828 see
1104 1839 1106 1843 ¹

58 1861 371 1964 rioriternpore
417 1863 571 1951 accensi
608 1863 775 1940 illustria
817 1859 1096 1939 fortitudinis.

58 1966 259 2078 adimique
305 1974 592 2074 magnitudinis
631 1975 843 2080 specimina
884 1972 1071 2060 edidere,'

58 2110 163 2191 quae
191 2085 357 2162 candida
383 2088 530 2191 gloriae
556 2116 646 2167 suae
671 2109 923 2164 monumenta
943 2085 1061 2160 histo·

57 2200 122 2274 ria
155 2226 357 2304 nunquam
392 2228 473 2277 uon
509 2201 722 2279 celebrabit
755 2222 794 2277 et
817 2228 889 2278 uec
914 2216 1062 2298 tempo·

57 2334 146 2386 rum
173 2313 340 2404 iniuria,
366 2342 447 2409 nec¹
464 2314 664 2392 homiuum
690 2313 838 2392 invidia
863 2310 1062 2390 oblittera·

57 2422 128 2499 bit.
185 2428 296 2503 Haec
318 2419 434 2504 nemo
461 2432 500 2504 iu
528 2444 610 2505 eam
626 2431 854 2505 sententiam
873 2425 1059 2528 accipiat,
1138 2438 1142 2446 '

57 2545 230 2614 amorem
265 2544 416 2642 patriae
452 2543 613 2618 Graecis
652 2542 826 2643 pristinis
861 2539 1012 2642 plane
1002 2560 1059 2610 ιιι·
1147 2604 1150 2613 .

57 2651 256 2765 cognitum
281 2651 426 2742 fuisse,
464 2681 553 2728 nam
580 2655 770 2785 ipsorum
791 2672 939 2729 mentes
976 2674 1055 2725 non
1133 2754 1136 2759 Ι
1255 2652 1257 2659 '

58 2758 249 2864 poterant
263 2789 343 2838 nou
367 2763 560 2841 desiderio
587 2766 666 2840 eius
691 2767 859 2866 regionis
885 2761 1058 2838 imbutae

60 2882 166 2961 esse,
190 2872 232 2947 in
258 2901 337 2977 qua
361 2877 443 2951 nati
468 2898 507 2959 et
531 2877 709 2969 educati,
736 2877 946 2966 omnium,
954 2894 1065 2978 quae

59 2983 211 3059 homiui
236 3012 328 3063 cara
352 3006 468 3079 suut,
489 3016 641 3067 summa
665 3011 705 3066 et
729 3008 898 3066 extrema
923 3001 1090 3065 curnu·'
1158 3020 1180 3033 ··

21 3119 28 3149 r
57 3095 139 3171 lata
158 3095 363 3193 habemus,
389 3127 568 3193 uxorem,
589 3124 721 3192 natos,
742 3104 922 3190 domum,
946 3122 1059 3200 agros
1122 3186 1127 3199 ι
1158 3124 1160 3128 ·

59 3229 100 3285 et
124 3232 268 3288 cuncta
293 3217 397 3291 vitae
421 3216 598 3317 pignora.
656 3219 732 3294 Hic
765 3238 904 3293 sensus
932 3214 1057 3316 spirat

58 3322 100 3407 ιιι
125 3325 192 3416 iis,
228 3353 331 3431 quae
357 3325 515 3428 Ulysses
553 3328 604 3407 ad
636 3331 838 3453 Alcinoum
869 3314 1061 3479 loquitur.

59 3433 132 3510 Od
157 3464 200 3535 9,
225 3462 295 3538 34
369 3500 371 3505 .

114 3600 160 3654 ως
178 3554 273 3650 addet
291 3559 446 3677 padusa
447 3601 483 3660 ιι
450 3558 661 3678 anrptdoc
677 3563 754 3649 adde
740 3562 892 3660 ιτοιὲιῖων
944 3638 947 3657 2

108 3696 283 3807 yiyvprar,
311 3699 399 3809 sinte
416 3730 476 3775 και
502 3731 549 3784 τις
566 3697 802 3808 oirirpebr'
757 3731 856 3777 ιιιινιι
872 3692 975 3805 ciart

59 3852 82 3911 ,ζ
113 3824 196 3926 W!
217 3823 455 3926 ἰνιὶλλιιωιῇ
466 3833 555 3917 ‘salat
575 3823 754 3912 ἐπάνιθι
774 3824 910 3922 τοκήων.
999 3924 1002 3929 ,
1053 3906 1056 3913 .
