2588 4560
243 320 322 377 ,ΠΖ

248 519 373 619 eipes,
408 537 578 619 querum
614 432 756 617 siiquis
787 533 1073 617 postmortem
1098 525 1257 625 Ulyssis

237 622 520 733 'gubernacula
552 644 683 704 rerum
708 623 967 721 Ithacensium
990 634 1132 741 capiat.
1196 647 1257 719 Eo

236 744 350 821 -redit
382 739 616 842 Eurymachi
656 765 813 845 qunque
849 747 995 825 oratio·
1043 750 1109 844 ἧηι
1128 762 1257 837 ηδτ.

248 862 368 945 θῶν
358 890 392 940 tr
412 853 556 959 γούνασι
580 857 712 955 satiras,
749 853 843 945 ierac
860 862 893 939 ir
919 905 975 927 -··
997 861 1118 967 ibris,
1139 871 1256 962 βασι.

247 986 357 1071 >m
380 991 544 1082 Amr
615 981 738 1080 Igitur
772 985 1044 1066 tantummodo
1081 1016 1131 1069 ex
1169 1020 1253 1072 usu

247 1120 289 1177 et
321 1093 604 1175 consuetudine
638 1119 718 1167 non
758 1121 802 1169 ex
833 1097 919 1171 iure
951 1098 1065 1177 filii
1053 1130 1094 1178 tn
1126 1129 1252 1207 regna

247 1232 415 1315 paterna
439 1205 720 1297 succedebant,
755 1228 800 1283 ut
805 1212 1001 1336 ‘exempla
1026 1217 1252 1321 principum

245 1327 437 1429 probant,
460 1345 633 1450 quorum
656 1321 877 1397 memoriam
894 1327 1086 1415 Homerus
1101 1328 1164 1409 vel
1180 1333 1251 1409 atii

202 1492 205 1499 -
246 1435 491 1541 antiquitatis
508 1436 722 1533 scriptores
739 1459 1031 1516 conservarunt
1057 1445 1114 1518 Cf.
1132 1445 1251 1521 Arist.
1276 1524 1279 1529 ,

246 1547 327 1655 pol.
352 1568 503 1650 p.125·
536 1551 696 1645 βασιλεῖς
719 1549 853 1631 ἑκόντων
872 1557 936 1634 aa}
957 1559 1021 1643 τοῖς
1045 1576 1249 1663 varnaspa-

244 1661 390 1759 βαίνουσι
413 1660 557 1779 πάτριοι.
603 1660 728 1737 ThUO·
759 1686 796 1752 ¹,
832 1688 898 1759 13·
930 1676 1075 1782 affirmas
1097 1668 1178 1755 ds
1157 1708 1249 1763 rear

243 1785 302 1864 ἰπὶ
322 1781 428 1889 ῥητοῖς
435 1784 567 1892 yignrt
585 1812 748 1891 reterens
734 1774 957 1865 βασιλεῖαι.
997 1784 1070 1859 His
1086 1812 1248 1888 quoque

243 1878 341 1969 loeis
368 1890 417 1965 de
436 1916 559 1990 regno
577 1890 663 1965 filiis
682 1889 827 1967 tradito
844 1914 883 1969 et
897 1920 974 1969 non
1002 1894 1090 1970 de
1075 1925 1162 1973 rnre
1178 1897 1249 1975 ho·

241 2032 329 2082 rum
341 2001 571 2079 heredrtarro
583 2021 787 2080 sermoest
791 2006 1058 2101 (contectura
1068 2010 1247 2088 Schnerd

152 2208 156 2213 Ι
243 2118 296 2197 ad
320 2119 479 2195 Aristot.
505 2122 687 2212 βασιλεῖαι
709 2114 734 2192 l.
758 2113 885 2195 Thuc.
910 2121 1196 2216 confirmatur).

316 2230 372 2307 Ad
398 2230 529 2308 officia
554 2229 712 2334 populi,
748 2252 949 2332 quam-,ut
972 2230 1244 2336 exposuimus,
1270 2256 1284 2301 t

240 2347 284 2423 in
315 2345 467 2420 tributis
499 2363 540 2425 et
564 2344 675 2420 donis
709 2341 924 2445 pendendis
954 2349 1086 2447 posita
1111 2363 1245 2444 erant,

239 2458 319 2538 boe
341 2483 501 2564 quoque
534 2456 766 2559 pertinuisse
793 2456 964 2547 videtur,
1001 2456 1110 2561 quod
1135 2484 1245 2540 certe

241 2686 315 2765 dae
340 2686 532 2785 obligatus
557 2685 774 2787 principem
800 2680 849 2759 ad
873 2679 1019 2758 bellum
1043 2687 1153 2789 sequi
1175 2684 1243 2761 de·

189 2850 192 2854 ·
238 2800 362 2878 beret.
419 2801 567 2875 Narrat
591 2798 694 2874 enim
719 2795 951 2903 Mercurius.
969 2795 1043 2873 sub
1066 2824 1244 2900 persona
1281 2860 1284 2865 .

239 2914 317 2991 viri
350 2912 501 2988 iuvenis
532 2906 871 3008 eMyrmidonum
898 2927 1032 3008 gente,
1068 2936 1110 2986 se
1140 2908 1244 2986 filio.

236 3053 324 3103 rum
341 3024 555 3124 Polyetnris
575 3023 782 3124 septimum
802 3046 911 3110 esse,
936 3021 1134 3125 equibus,
1161 3048 1243 3101 sor·

235 3139 375 3215 titione
399 3137 524 3229 faeta,
547 3135 619 3212 sibi
646 3161 731 3212 sors
747 3133 948 3234 obtigerit,
973 3134 1160 3212 Achillem
1178 3162 1245 3213 co·

235 3251 365 3327 mitari
391 3253 476 3348 (24,
500 3271 571 3349 401
594 3258 705 3353 sqq.).
744 3243 946 3333 Interdum
962 3236 1169 3338 accidisse,
1195 3267 1243 3329 ut

131 3362 138 3371 ’
234 3360 324 3466 quis
358 3389 380 3438 e
407 3363 558 3467 populo
585 3360 700 3438 donis
727 3387 815 3459 eg.
851 3361 962 3462 equis
987 3361 1120 3439 munia
1143 3360 1243 3437 ruili-

232 3475 336 3552 taria
361 3503 385 3551 a
411 3478 663 3579 principibus
672 3473 897 3558 redimeret,
940 3490 1051 3570 patet
1073 3497 1096 3547 e
1121 3480 1242 3553 versit

234 3592 487 3685 ccxxxxvt.
513 3589 540 3665 l.
563 3593 723 3661 XXIII.
723 3584 801 3660 Ut
825 3576 956 3656 nihil
945 3606 990 3657 tn
1013 3588 1239 3683 praeteritis

231 3700 522 3806 relinquamus,
547 3700 653 3803 quod
678 3697 728 3774 ed
753 3694 894 3799 populi
919 3716 1066 3771 statum
1082 3696 1180 3772 facit
1198 3699 1242 3773 ii·

232 3808 503 3904 lustrandnm,
530 3812 738 3899 addamus,
765 3808 922 3912 publica
939 3806 1118 3883 aedificia
1133 3835 1243 3885 com·

231 3928 460 4021 memorari,
485 3953 590 4032 quae
606 3925 803 4005 communi
826 3939 957 3997 sumtu
973 3918 1156 3997 videntur
1176 3944 1259 4013 ert·¹
