2588 4560
252 270 320 363 146
361 273 363 277 ’

249 476 429 557 flectendi
456 495 494 552 et
517 473 723 607 rumpendi
747 414 884 565 mddos
913 477 1041 576 arguit
1059 499 1099 556 et
1120 500 1254 581 taxat;

238 585 360 693 ¹reges
386 591 435 667 de
457 617 525 679 eo,
543 587 672 693 'quod
697 589 871 689 potentia
904 580 1043 665 nsstil
1032 595 1130 669 turis
1156 624 1256 674 con·
1286 592 1289 607 '

248 694 371 796 cedit,
397 705 566 806 graviter
589 719 832 792 commonet3
868 706 1022 805 saepius
1046 711 1254 807 enuntiat,

246 823 458 907 iniustum,
498 816 566 947 qui
592 796 843 918 improbitate
869 841 942 895 sua
974 840 1149 894 naturam
1178 821 1257 899 hu«

79 934 92 980 ''-
186 1026 188 1033 Α
247 961 402 1013 manem
427 931 605 1033 inquinet
629 948 668 1002 et
693 953 822 1004 rerum
840 927 1012 1004 ordinem
1030 953 1250 1032 pervertet,

248 1072 399 1187 semper
424 1044 548 1130 male,
585 1059 626 1114 at
650 1037 794 1116 bonum
820 1039 917 1119 bene
942 1043 1171 1137 sabathem,
1206 1048 1250 1123 il

249 1136 329 1236 lum
355 1158 459 1235 omni
484 1152 722 1229 miseriarum
748 1179 889 1254 genere
924 1158 973 1232 ab
1002 1163 1095 1234 Iove
1117 1159 1251 1262 obpri·
1271 1246 1274 1258 Ι

248 1273 321 1359 mi,
315 1241 454 1347 hune
479 1265 601 1344 salute
626 1284 665 1341 et
690 1266 804 1342 bouis
828 1271 959 1346 ornari
980 1289 1019 1344 et
1036 1270 1263 1364 cumulari,⁸

249 1404 368 1484 etque
392 1380 599 1468 iustitiam,
624 1381 732 1455 cuius
758 1373 975 1461 cultoribus
991 1409 1133 1484 aspera
1154 1411 1250 1462 sane

208 1544 211 1551 ι
249 1516 289 1572 et
314 1512 481 1625 anguste
506 1493 569 1569 via
591 1490 848 1591 incedendum
875 1495 945 1586 sit,
972 1497 1173 1575 victricem
1193 1500 1252 1574 in·

249 1609 418 1688 iustitiae
433 1630 635 1682 evasuram
645 1630 753 1682 esse.
776 1611 839 1693 (v.
850 1627 980 1704 213-
995 1615 1085 1707 248)
1109 1615 1256 1702 Haec„

250 1747 351 1841 quae
378 1719 598 1797 summatim
625 1719 941 1828 perstrinximus,
978 1748 1082 1800 nunc
1107 1726 1257 1815 articus

186 1890 195 1915 .
249 1822 360 1911 latim
386 1852 425 1909 et
449 1831 630 1908 distincte
655 1832 1022 1931 pertractabuntur,
1047 1836 1206 1961 exordio
1224 1863 1250 1913 a
1283 1848 1286 1855 '

251 1945 418 2024 divina
407 1947 553 2023 lustitia
580 1944 709 2022 ducto.
761 2036 763 2041 Ι

337 2062 398 2133 De
422 2059 555 2133 Parcis
582 2053 768 2156 duplex
757 2083 797 2130 ιιι
821 2057 990 2135 Hesiodi
1014 2059 1252 2161 Theogonis

252 2189 358 2248 extat
387 2169 495 2245 locus
528 2187 567 2243 et
593 2166 736 2269 duplex
767 2175 961 2253 sententia
993 2200 1029 2250 v.
1048 2196 1121 2263 217
1146 2194 1187 2250 et
1211 2201 1248 2254 v.

252 2306 337 2384 903·
395 2283 521 2358 Priori
545 2279 632 2371 loco
658 2287 765 2390 Μοῖρα
766 2320 777 2364 ι
807 2303 847 2358 et
872 2296 999 2403 κῆρι
990 2310 1013 2361 ιι
1038 2303 1156 2380 nocte
1182 2311 1250 2365 na·
1276 2294 1279 2301 '

250 2415 335 2486 tae,
361 2395 570 2498 posteriori
583 2391 835 2479 aThemide
825 2417 932 2473 tuxta
949 2399 1114 2528 εόιιμιηι,
1134 2402 1260 2506 ῥίψῃ

252 2530 292 2586 et
315 2509 438 2639 aigum
461 2507 614 2608 genitae
637 2505 834 2586 dicuntur
882 2500 1000 2600 Sunt,
1025 2512 1093 2616 qui
1118 2511 1261 2605 hune„

250 2641 344 2700 sunt
350 2649 428 2725 qut
418 2619 552 2717 illum
567 2617 697 2695 locum
713 2624 1004 2727 supposititium
1020 2642 1166 2729 putent
1194 2636 1261 2701 At.

251 2762 375 2846 quum
400 2734 496 2812 satis
520 2750 689 2825 constet,
715 2734 962 2812 Hesiodum
951 2765 992 2814 ιιι
1013 2742 1049 2810 T
1052 2734 1250 2834 heogonta

250 2845 519 2951 componenda
544 2848 717 2922 diversos
730 2838 866 2926 fnisse
890 2868 1097 2955 sequutum
1117 2868 1252 2927 aueto-

249 2987 335 3063 res,
362 2957 518 3036 difficile
543 2959 617 3035 hac
642 2957 690 3034 de
715 2987 758 3035 re
782 2963 967 3041 iudicium
993 2983 1073 3057 est3
1098 2987 1187 3036 nam
1207 2961 1259 3039 in.

250 3092 424 3177 utroqne
446 3072 535 3151 loco
562 3098 633 3148 nec
648 3072 786 3164 verba,
813 3101 885 3152 nec
901 3095 1116 3152 sententiae
1130 3094 1252 3151 mter
1273 3074 1276 3081 ’

248 3186 446 3291 polatoris
454 3211 611 3273 manum
632 3185 825 3300 produnt,
852 3208 891 3265 et
905 3206 1068 3290 uterque
1090 3186 1260 3286 mythos

244 3312 441 3406 vetustate
478 3295 647 3374 videtur
661 3289 947 3402 comprobatus.
1006 3305 1103 3377 Hoc'
1115 3319 1250 3377 autem

247 3413 450 3513 praeteriit
474 3413 722 3512 interpretes,
747 3412 853 3487 illam
881 3413 928 3489 de
952 3414 1097 3522 Parcis
1109 3410 1257 3488 doctri.

150 3602 166 3619 ,Ι
247 3547 357 3611 nem
378 3521 539 3599 diversis
570 3525 669 3624 locis
697 3525 860 3601 diversa
880 3517 1031 3604 ratione
1057 3544 1168 3600 etex
1194 3523 1256 3638 dl‘·

149 3713 152 3719 ,
249 3659 370 3741 verso
395 3634 521 3736 capite
548 3660 635 3712 esse
660 3656 876 3715 tractatam
897 3640 1004 3744 Qui
1031 3640 1133 3715 enim
1141 3638 1263 3731 Pan,

131 3763 135 3772 '
247 3771 315 3837 eas
340 3748 464 3823 noctis
489 3745 588 3825 filies
614 3747 781 3841 finxit,
771 3777 803 3826 rs
812 3750 1025 3829 occultam
1046 3749 1117 3827 fati
1135 3769 1260 3857 natu·-

189 3924 195 3937 .
246 3880 332 3939 ram
355 3857 607 3972 significant,
631 3887 743 3977 cutus
766 3861 1068 3966 tegesenebris
1093 3853 1264 3979 iurelu-²
