2588 4560
933 386 1066 517 ·'.⁵³
1167 424 1170 437 ι
1265 360 1269 370 ’

60 598 197 651 rerum
223 570 351 648 ordini
376 570 636 663 contrarium,
662 578 709 650 'ex
729 579 966 653 Graecorum
989 579 1067 681 pri·

41 689 257 766 'stinornm
289 687 480 762 sententia
514 713 643 787 poena
668 684 862 789 ca's'ti'gari·
891 710 929 764 et
961 716 1068 767 coer·
1135 784 1138 793 Ι

60 803 156 879 ceri.
212 806 391 875 Ceterum
427 800 561 897 negari
597 826 675 873 non
707 819 858 901 potest,
896 803 1001 905 quod
1024 804 1065 876 in
1131 838 1139 887 t
1171 871 1177 891 ,

58 912 386 1002 antecedentibus
429 911 554 986 fusius
575 912 884 1015 ‘tractavimnss
912 934 1088 989 tantum«

59 1027 226 1113 abesse,
262 1047 309 1098 ut
342 1026 408 1099 Dii
441 1025 570 1099 ideam
600 1025 769 1100 iustitiae
793 1027 994 1128 perfectae·
1026 1046 1066 1102 et

58 1139 245 1218 omnibus
272 1137 676 1223 numerisabsolutae
703 1137 891 1229 referent,
929 1161 974 1227 ut
997 1168 1065 1242 po··
1124 1194 1128 1199 -

56 1254 141 1330 tius
164 1243 443 1351 cupiditatibus
480 1270 520 1324 et
552 1238 768 1343 adfectibus
800 1255 880 1327 suis
901 1256 1062 1354 saepius
1173 1257 1209 1349 j

57 1367 221 1442 nimium
247 1360 508 1463 indulgeenm
524 1384 564 1458 et
589 1362 691 1439 hanc
715 1360 967 1443 ob‘caussem
989 1366 1061 1443 sibi
1142 1374 1147 1460 J
1235 1436 1238 1444 ,

58 1481 156 1582 ipsis
185 1505 265 1553 non
291 1496 496 1552 constent:
833 1470 837 1479 “

101 1682 105 1693 .
135 1599 214 1666 Iam
240 1590 287 1663 de
305 1590 477 1689 Odyssea
495 1587 711 1677 videamus,
735 1589 776 1662 in
802 1604 882 1690 qua
901 1604 1059 1667 censen·

55 1703 109 1781 da
136 1706 300 1804 primum
326 1708 501 1779 omnium
528 1692 663 1777 eorum
681 1701 978 1799 reprehensioni
995 1733 1059 1782 oc·

55 1810 294 1896 currendum
320 1837 400 1903 est,
440 1810 507 1916 qui
540 1841 618 1888 non
654 1840 822 1914 poenam
856 1836 895 1889 et
920 1844 1056 1891 necem
1166 1808 1171 1821 ⁸

48 1956 291 2036 procorum,
339 1927 406 2002 sed
437 1929 595 2026 Ulyssis
622 1927 736 2001 mala·
768 1947 807 1999 et
835 1932 1054 2017 errationes

57 2046 255 2143 Odysseae
282 2062 550 2139 argumentum
578 2060 617 2114 et
641 2039 756 2113 finem
785 2065 872 2114 esse
897 2063 1055 2118 conten·
1119 2088 1123 2096 -

43 2157 226 2233 ‘danted
260 2157 438 2230 carminis
472 2154 623 2231 initium
654 2174 936 2261 provocantes,
974 2185 1054 2258 quo

10 2356 14 2361 ,
57 2277 255 2346 Homerus
272 2268 424 2368 Ulyssis
450 2267 531 2341 fata
556 2295 597 2342 se
622 2290 739 2342 cantu
764 2266 1053 2373 celebraturum
1136 2258 1139 2265 ¹

34 2381 271 2486 'profitetuu
331 2393 378 2454 At
404 2383 441 2454 in
469 2374 648 2468 exordio,
694 2408 773 2482 quo
804 2388 922 2457 Musa
946 2382 1055 2479 invo·
1154 2382 1156 2386 ’

10 2492 13 2583 l
56 2516 187 2579 cetur,
222 2488 514 2576 nihilssnisihoc
539 2514 655 2592 poeta
681 2497 778 2591 agit,
816 2514 860 2569 nt
879 2486 1054 2591 designet
1239 2492 1245 2507 “

10 2608 12 2615 ’
56 2607 233 2696 heroem,
259 2610 297 2680 in
324 2604 604 2681 cuiusleudem
632 2625 671 2677 et
692 2606 876 2682 honorem
895 2626 1055 2680 carmen

19 2773 27 2783 ·
56 2724 288 2799 conditurus
314 2720 385 2805 sit,
412 2719 598 2816 usquein
625 2719 855 2818 universum
882 2726 1056 2819 prounnss
1151 2743 1154 2747 ·

56 2838 144 2918 tier,
171 2856 271 2930 quae
295 2829 372 2901 siut
398 2847 525 2926 partes
551 2849 588 2902 et
612 2857 716 2932 qnae
743 2832 846 2905 vitae
867 2832 1055 2920 rationes,

55 2947 96 3017 in
124 2943 261 3044 quibus
286 2941 542 3016 constitutum
558 2944 743 3039 Ulyssem
766 2942 976 3043 depingere
993 2968 1056 3043 ge·

57 3038 163 3131 stiirt.
199 3057 299 3126 ·Hae
326 3072 455 3159 autem
484 3054 586 3128 vitae
612 3057 802 3145 rationes,
828 3082 980 3157 errores
999 3059 1057 3132 ni·

55 3170 197 3243 mirum
219 3190 259 3242 et
282 3164 406 3257 mnia,
449 3192 550 3270 quae
575 3167 756 3266 Ulyssem
781 3170 825 3242 in'
848 3168 976 3243 reditu
1001 3165 1055 3243 ad-

54 3281 228 3356 Ithacam
255 3269 657 3370 ceruinam-,eatenus
684 3281 954 3357 tantummodo
980 3305 1053 3356 nos

12 3484 15 3489 .
52 3412 213 3469 movent
245 3414 285 3468 et
316 3398 505 3483 retinent,
544 3396 731 3498 epicoque
762 3395 924 3470 carmini
959 3413 1052 3494 apta

10 3506 12 3515 '
52 3504 166 3594 sunt,
192 3527 384 3606 qnatenus
408 3509 601 3584 incertum
627 3528 704 3597 est,
737 3528 865 3605 utrum
889 3503 1053 3604 Ulysses

53 3614 279 3719 optatorum
312 3624 474 3698 suorum
507 3647 669 3721 compos
695 3622 860 3721 patriam
885 3623 1051 3706 revisat,

13 3784 17 3795 ·
50 3756 127 3805 nec
152 3738 212 3804 ne.
269 3732 423 3807 Deinde
448 3735 682 3836 requiritur,
720 3753 765 3808 ut
788 3735 872 3834 ipse
899 3730 1049 3806 reditus

31 3854 141 3917 ¹non·
163 3845 212 3916 sit
238 3845 364 3919 nudus
389 3842 625 3945 &singulari
649 3872 780 3922 rerum
807 3843 1050 3931 conditione,

50 3970 185 4057 eaque
206 3957 376 4063 pendeant
406 3974 596 4062 ermque
628 3978 774 4034 certam
802 3955 1055 4043 fornmminv

562 4306 579 4345 ,θ
