2588 4560
943 272 946 281 Ι
1061 354 1135 434 ιι
1189 337 1193 365 ·
1268 294 1277 322 ’

135 539 315 646 partibus
340 539 599 670 exprimamus
617 535 689 630 sic,
711 559 794 617 uta
817 566 894 644 qua
913 549 1137 647 explicatio.

135 683 226 729 nem
257 654 455 730 divinae
445 654 620 731 iustitiae
655 655 783 728 exorsi
808 683 957 747 sumus,
996 663 1134 762 agendi
1247 658 1250 667 ’

134 762 382 854 libertatem,
418 766 502 841 sine
535 791 613 868 qua
646 792 814 841 omnem
831 772 1017 846 iustitiam
1052 775 1136 873 nul·
1221 766 1227 781 ⁸

110 880 217 955 ·lam
236 878 416 967 diximus,
451 883 595 954 certius
613 878 872 970 describamus
890 898 1053 987 eamque
1070 886 1136 964 ho·
1218 912 1222 919 ·

135 991 311 1068 minibus
340 980 559 1067 Homericis
581 988 760 1080 subesse,
798 992 1007 1072 luculentis
1033 1001 1148 1083 testi,

137 1098 278 1180 moniis
301 1101 518 1205 probemus.
567 1106 926 1208 Quaeerplanatio
952 1128 991 1182 et
1014 1113 1138 1209 gravi·

138 1238 222 1294 tate
250 1245 323 1292 sua
350 1237 389 1290 et
415 1245 463 1292 eo
490 1207 652 1321 maritus
678 1221 991 1314 commendatur,
1030 1222 1137 1325 quod
1164 1224 1184 1323 ,⁵

140 1330 232 1405 inde
266 1333 431 1419 elucet,
449 1357 564 1434 quam
593 1336 784 1437 perversa
817 1334 866 1407 sit
901 1359 1031 1408 eorum
1057 1336 1138 1437 opi·

142 1444 228 1532 nio,
267 1446 416 1546 quiex
432 1451 666 1520 Graecorum
699 1447 894 1519 sententia
925 1465 1046 1524 totum
1072 1442 1139 1525 ho·
1179 1461 1219 1519 ,“

135 1559 282 1631 'minem
309 1557 390 1633 fato
418 1556 634 1634 subiectum
669 1583 754 1631 esse
778 1572 963 1653 statuant
1025 1565 1139 1664 Equi·
1223 1564 1260 1596 ·'

142 1671 229 1745 dem
249 1661 295 1744 id
322 1699 399 1781 non
425 1688 624 1770 negamus,
659 1669 765 1773 quod
791 1673 982 1747 neminem
1005 1674 1139 1774 fugere

141 1805 293 1888 potest,
335 1786 402 1888 qui
428 1784 478 1859 ad
505 1791 742 1859 Graecorum
779 1783 1006 1881 religionem
1033 1806 1072 1861 et
1075 1788 1161 1893 in,

143 1899 366 1974 uuiversum
394 1897 540 1973 horum
561 1896 754 1970 sentiendi
787 1914 826 1970 et
859 1882 1054 2027 cogitandi
1080 1925 1141 1974 ra·

125 2011 285 2086 'tionem
304 2013 470 2086 animum
485 2008 747 2110 adplicuerit,
761 2011 924 2083 externis
939 2009 1015 2085 illis
1033 2037 1141 2085 caus·

146 2125 221 2214 sis,
250 2128 330 2198 fato
357 2143 396 2197 et
420 2128 593 2197 Deorum
622 2121 783 2199 consilio
810 2147 855 2203 ea
872 2122 1008 2213 tribui,
1034 2147 1139 2225 quae

143 2263 250 2331 nune
270 2228 446 2311 internae
472 2226 635 2317 hominis
661 2235 830 2310 libertati
850 2233 1137 2315 adscribuntur.
1157 2261 1167 2269 ·
1242 2302 1246 2311 .

145 2352 446 2448 Legimuseuim
473 2354 579 2425 Dens
612 2344 831 2423 homiuibus
866 2368 1022 2451 praesto
1047 2373 1141 2423 esse

145 2485 182 2538 et
207 2448 380 2540 subsiliis
407 2483 445 2537 et
469 2461 603 2550 iactis,
628 2464 752 2566 iisqne
769 2481 838 2536 eut
864 2464 1054 2549 animum,
1079 2488 1143 2535 ro·

96 2610 106 2622 ··
146 2576 240 2663 bur,
279 2566 318 2653 et
342 2577 524 2649 virtutem
549 2572 713 2662 addere,
745 2594 814 2650 aut
838 2573 1064 2665 detrahere,
1099 2572 1143 2646 ti·

145 2687 472 2764 moreminiieere
496 2707 612 2788 atque
639 2687 870 2786 sapientiam
904 2676 951 2762 et
968 2685 1143 2788 pruden-
1195 2676 1197 2681 ¹

145 2801 238 2872 tiam
266 2800 425 2899 eripere.
484 2801 697 2891 Notissima
729 2819 786 2873 est
817 2798 985 2874 locutio:
1014 2806 1146 2915 ,φρένας
1232 2832 1234 2837 ’
1279 2831 1281 2836 ·

146 2911 281 3016 iham
306 2907 389 3011 zois¹
420 2909 465 2984 ll.
484 2916 525 3000 6,
552 2937 634 3011 234.
674 2936 736 3007 17,
759 2930 842 3009 470.
866 2910 937 2986 ei.
965 2925 1027 2997 18,
1050 2937 1142 3007 311:

146 3020 294 3115 βλιίνντι
315 3024 530 3135 §affirmaris
555 3025 597 3101 ll
621 3037 783 3124 15,724
809 3021 858 3099 cf.
878 3022 948 3099 Od
972 3046 1033 3123 14,
1054 3038 1142 3120 178·

145 3135 220 3220 9εοῖ
239 3145 362 3249 φρένας
391 3138 526 3222 ὤλεσαν
548 3138 695 3237 edroi,
688 3135 746 3211 ll.
769 3156 812 3232 7,
837 3145 920 3234 360.
958 3162 1032 3231 12,
1059 3164 1143 3238 234

145 3257 261 3340 -1t
288 3287 355 3370 ιο,
382 3287 474 3360 242:
530 3330 533 3334 .
583 3307 586 3311 ·

204 3390 284 3481 Ζευς
302 3391 377 3476 d
351 3427 466 3504 agerer
439 3389 655 3508 ἄνδρεσσιν
674 3400 810 3503 ipim
826 3427 879 3494 τι,
897 3388 1052 3499 μινύθει
1053 3429 1089 3477 τι
1098 3461 1139 3503 ,

200 3524 325 3612 ὅπως
344 3555 401 3604 etr
421 3523 637 3625 ἐθέλῃσιν·
620 3520 727 3640 oye?
743 3556 926 3635 ιιινρτισιις
940 3522 1136 3609 endem
1150 3564 1153 3569 ·

112 3659 195 3741 'cf
222 3659 266 3737 Il
298 3667 365 3752 16,
391 3669 474 3756 687
1197 3746 1206 3766 ,

143 3838 145 3842 ,
159 3777 331 3852 Haec
358 3776 492 3885 opinio
520 3773 568 3851 de
588 3752 764 3853 Deorum
790 3776 1054 3855 efficientiain
1074 3779 1150 3857 sin·
1184 3804 1190 3809 ·

123 3884 289 3989 ‘gulis
281 3874 485 3968 hominum
510 3888 726 4029 propositis
764 3910 805 3968 et
838 3892 1053 4005 actionibus
1086 3892 1158 3973 vel·
1255 3906 1258 3917 ·
