2588 4560
990 362 1061 447 Μ

65 586 174 668 nem,
200 592 240 651 et
262 566 418 681 quidem
443 560 554 656 ideo,
581 580 625 640 ut
643 559 737 641 hnic
759 562 839 669 ipsi
854 564 905 641 ad
921 565 1066 649 iustam

66 686 386 767 deliberationem
411 704 504 759 oon¹
530 676 627 753 eatis
658 695 778 779 eptae
801 696 843 754 et
865 677 917 755 ob
942 679 1082 789 homin

67 830 160 880 num
187 791 476 875 multitudinem
510 809 551 865 et
586 788 640 863 ob
661 791 915 897 impetuosam
939 792 1067 899 plebis¹

67 908 424 1015 importunitatem,
448 901 547 980 nibil
562 902 638 989 nisi
659 924 896 1007 praeparata
911 926 954 983 et
968 905 1068 983 bene

67 1034 266 1132 perpenna
290 1034 619 1124 proponerentur.
651 1014 756 1119 'Qui
780 1014 881 1095 crdo
909 1019 952 1097 in
977 1042 1071 1095 con·

68 1136 253 1219 'ventibus
277 1156 482 1236 procerum
515 1149 557 1209 et
586 1128 728 1233 populi
757 1126 950 1209 habendis
975 1129 1069 1213 litet

67 1248 243 1327 usitatus¹
267 1268 386 1337 esset,
410 1265 541 1323 tamen
558 1242 711 1323 nonita
735 1270 809 1347 pro
834 1245 922 1345 lege
937 1244 1069 1321 obser·

67 1362 256 1449 rebatur,
300 1378 348 1441 ut
378 1384 581 1464 nunquam
615 1359 666 1434 ab
700 1382 751 1434 eo
782 1356 1068 1451 discedereturt

66 1504 160 1554 nam
184 1466 226 1553 es
239 1503 275 1577 g.
301 1470 472 1549 Achilles
498 1469 650 1574 absque
678 1472 912 1572 interponito
936 1498 1070 1578 proce·
1209 1492 1215 1501 '

67 1614 157 1667 rum
181 1586 375 1666 concione
398 1582 588 1692 populum
612 1608 854 1662 convocasse
873 1608 1068 1667 narratur.

69 1701 118 1779 tl.
140 1722 184 1791 1,·
204 1722 265 1799 54
305 1724 374 1796 19,
394 1722 458 1796 41.
482 1718 544 1795 45.
581 1706 626 1784 23
651 1718 733 1791 207.
794 1698 853 1775 Ad
878 1702 1072 1805 priorem.

68 1826 186 1919 quem
210 1811 459 1889 laudavimus
482 1804 638 1898 locum,
660 1827 768 1885 recte
782 1811 1012 1897 Eustachiue
1031 1832 1073 1891 et
1235 1872 1239 1881 .

68 1922 313 2007 scholiastae
328 1920 558 2011 observant.
583 1920 795 2029 quemlibet
808 1923 935 2016 (baud
955 1924 1073 2003 dubie

41 2086 44 2091 ·
70 2068 95 2117 e
120 2038 384 2143 principibus)
399 2035 624 2113 concionem
646 2060 865 2116 convocare
883 2041 1073 2145 potuisse.

72 2154 160 2229 Vid.
185 2156 313 2251 Heyn.
339 2147 388 2225 ad
407 2145 445 2224 h.
466 2147 514 2252 1.-ΙΙ
531 2148 694 2252 Saepius
718 2148 758 2225 in
782 2150 850 2241 iis,
874 2176 977 2271 quae
1001 2176 1072 2256 pu·

71 2267 178 2344 blice.
191 2282 231 2342 et
250 2262 405 2340 numine
422 2261 620 2371 societatis
633 2262 757 2341 civilis
773 2282 965 2366 aguntur,
981 2291 1073 2343 000.
1138 2310 1142 2319 ,
1231 2368 1234 2377 Ι

72 2380 164 2459 eilia
196 2397 237 2457 et
260 2403 325 2457 ree
350 2392 484 2477 gestae
512 2377 736 2480 principum
767 2402 1073 2455 commemorem

74 2516 151 2571 tur.
186 2486 412 2569 Aetolorum
427 2512 533 2565 senes
547 2488 749 2589 Meleagro
767 2490 949 2567 eximium
964 2517 1075 2595 pree·
1229 2498 1234 2507 “

71 2609 181 2687 dium
213 2603 470 2708 promittunt,
507 2600 543 2675 si
576 2626 619 2677 se
651 2601 830 2706 accmget‘
860 2603 912 2681 ed
936 2604 1073 2685 urbem
1103 2644 1106 2649 ·

75 2717 281 2801 obsidione
314 2713 485 2789 bostium
518 2711 771 2791 liberandam.
830 2722 886 2807 Ex
909 2717 1075 2797 consilio

74 2856 210 2909 senum
236 2826 500 2903 ltbacentium
524 2825 682 2928 Ulysees
707 2827 758 2903 ad
784 2832 996 2909 Messenios
1021 2828 1075 2907 le·

71 2962 190 3044 gatus
229 2937 491 3042 proficiscitur
530 2938 795 3047 redebitum
830 2943 1075 3047 exigendum.

74 3060 224 3133 Hector
249 3050 330 3151 (lib.
349 3072 415 3139 22,
442 3070 477 3127 ν’.
501 3058 590 3153 119)
617 3080 750 3131 secum
777 3053 999 3141 deliberans
1024 3055 1075 3133 de

75 3167 235 3247 foedere
259 3191 347 3261 cum
376 3165 538 3243 craecis
558 3166 752 3257 ineundo,
777 3168 975 3245 aeonibus
999 3172 1076 3247 ius·

75 3276 285 3361 iurandum
320 3277 508 3389 (peperisses
534 3280 645 3395 ipso)
679 3284 836 3382 exigere
865 3285 910 3360 in
943 3285 1078 3361 animo

78 3392 217 3484 babet,
242 3416 293 3469 ne
317 3391 491 3494 pactioni
515 3390 622 3469 iusta
647 3391 742 3471 fides
766 3394 877 3473 desit.
902 3436 952 3457 ·-
984 3401 1079 3475 Pro·

75 3529 190 3582 ceres
215 3503 309 3608 ipsi,
345 3522 451 3609 quo's
475 3504 629 3609 regibus
651 3511 827 3609 potentie
856 3527 896 3586 et
920 3509 1080 3588 honori·-

78 3619 153 3694 boe
176 3614 317 3696 cedere
340 3618 528 3711 diximus,
550 3626 700 3699 tantum
726 3622 875 3713 abluit,
899 3642 946 3705 ut
969 3621 1080 3728 quid·

72 3750 209 3836 quam·
232 3732 525 3823 contumeliosi,
559 3731 774 3836 importuni
808 3737 870 3813 vel
889 3733 1032 3815 iniusti
1055 3760 1081 3813 a

79 3841 238 3941 regibus
263 3844 304 3919 in
329 3868 374 3923 se
397 3844 583 3923 committi
606 3868 860 3950 peterentur,
883 3869 931 3926 ut
952 3848 1082 3951 potius

79 3953 205 4035 libem
238 3955 381 4039 horum
407 3984 577 4051 errores,
615 3958 775 4047 vitient
797 3962 905 4041 iacta
935 3961 1083 4043 iniusta
