<?xml version="1.0" encoding="UTF-8"?>
<!DOCTYPE html PUBLIC "-//W3C//DTD XHTML 1.0 Transitional//EN"
    "http://www.w3.org/TR/xhtml1/DTD/xhtml1-transitional.dtd">
<html xmlns="http://www.w3.org/1999/xhtml" xml:lang="en" lang="en">
 <head>
  <title>
</title>
<meta http-equiv="Content-Type" content="text/html;charset=utf-8" />
  <meta name='ocr-system' content='tesseract 3.04.00' />
  <meta name='ocr-capabilities' content='ocr_page ocr_carea ocr_par ocr_line ocrx_word'/>
</head>
<body>
  <div class='ocr_page' id='page_1' title='image "./notionesiuriset00platgoog_0127.png"; bbox 0 0 2588 4560; ppageno 0'>
   <div class='ocr_carea' id='block_1_1' title="bbox 519 512 825 625">
    <p class='ocr_par' dir='ltr' id='par_1_1' title="bbox 519 512 825 625">
     <span class='ocr_line' id='line_1_1' title="bbox 519 512 825 625; baseline 0.007 -1"><span class='ocrx_word' id='word_1_1' title='bbox 519 560 688 624; x_wconf 73' lang='lat' dir='ltr'>canon</span> <span class='ocrx_word' id='word_1_2' title='bbox 727 512 825 625; x_wconf 54' lang='lat' dir='ltr'>nr(</span> 
     </span>
    </p>
   </div>
   <div class='ocr_carea' id='block_1_2' title="bbox 283 672 957 763">
    <p class='ocr_par' dir='ltr' id='par_1_2' title="bbox 283 672 957 763">
     <span class='ocr_line' id='line_1_2' title="bbox 283 672 957 763; baseline -0.003 -1.879"><span class='ocrx_word' id='word_1_3' title='bbox 321 672 325 685; x_wconf 45' lang='lat'><strong><em>¹</em></strong></span> <span class='ocrx_word' id='word_1_4' title='bbox 283 700 409 763; x_wconf 82' lang='lat' dir='ltr'>Bc</span> <span class='ocrx_word' id='word_1_5' title='bbox 425 696 580 760; x_wconf 78' lang='lat' dir='ltr'>societate</span> <span class='ocrx_word' id='word_1_6' title='bbox 599 693 690 757; x_wconf 78' lang='lat' dir='ltr'>civili</span> <span class='ocrx_word' id='word_1_7' title='bbox 708 696 745 757; x_wconf 80' lang='lat' dir='ltr'>in</span> <span class='ocrx_word' id='word_1_8' title='bbox 765 672 957 763; x_wconf 61' lang='lat' dir='ltr'>aldvinum.</span> 
     </span>
    </p>
   </div>
   <div class='ocr_carea' id='block_1_3' title="bbox 77 852 1192 1735">
    <p class='ocr_par' dir='ltr' id='par_1_3' title="bbox 83 852 1192 1393">
     <span class='ocr_line' id='line_1_3' title="bbox 224 852 1192 971; baseline -0.001 -27.997"><span class='ocrx_word' id='word_1_9' title='bbox 224 872 359 971; x_wconf 75' lang='lat' dir='ltr'>Quum</span> <span class='ocrx_word' id='word_1_10' title='bbox 387 860 557 937; x_wconf 79' lang='lat' dir='ltr'>societas</span> <span class='ocrx_word' id='word_1_11' title='bbox 577 855 701 933; x_wconf 85' lang='lat' dir='ltr'>civilis</span> <span class='ocrx_word' id='word_1_12' title='bbox 726 877 850 933; x_wconf 88' lang='lat' dir='ltr'>mater</span> <span class='ocrx_word' id='word_1_13' title='bbox 874 861 971 938; x_wconf 82' lang='lat' dir='ltr'>iuris</span> <span class='ocrx_word' id='word_1_14' title='bbox 994 883 1036 941; x_wconf 84' lang='lat' dir='ltr'>et</span> <span class='ocrx_word' id='word_1_15' title='bbox 1051 852 1192 959; x_wconf 67' lang='lat' dir='ltr'>iusti·</span> 
     </span>
     <span class='ocr_line' id='line_1_4' title="bbox 111 966 1192 1103; baseline -0.001 -45"><span class='ocrx_word' id='word_1_16' title='bbox 111 1054 119 1073; x_wconf 90' lang='grc'>,</span> <span class='ocrx_word' id='word_1_17' title='bbox 151 983 230 1059; x_wconf 83' lang='lat' dir='ltr'>tiae</span> <span class='ocrx_word' id='word_1_18' title='bbox 256 973 471 1055; x_wconf 87' lang='lat' dir='ltr'>existimari</span> <span class='ocrx_word' id='word_1_19' title='bbox 496 971 689 1060; x_wconf 88' lang='lat' dir='ltr'>debeat&#39;,</span> <span class='ocrx_word' id='word_1_20' title='bbox 677 996 754 1046; x_wconf 83' lang='lat' dir='ltr'>ram</span> <span class='ocrx_word' id='word_1_21' title='bbox 770 982 974 1103; x_wconf 73' lang='lat' dir='ltr'>pergamus</span> <span class='ocrx_word' id='word_1_22' title='bbox 999 966 1050 1053; x_wconf 77' lang='lat' dir='ltr'>ad</span> <span class='ocrx_word' id='word_1_23' title='bbox 1070 996 1192 1057; x_wconf 85' lang='lat' dir='ltr'>eam</span> 
     </span>
     <span class='ocr_line' id='line_1_5' title="bbox 151 1082 1156 1195; baseline 0.001 -27"><span class='ocrx_word' id='word_1_24' title='bbox 151 1096 281 1195; x_wconf 86' lang='lat' dir='ltr'><strong>ipsam</strong></span> <span class='ocrx_word' id='word_1_25' title='bbox 308 1109 347 1165; x_wconf 90' lang='lat' dir='ltr'>et</span> <span class='ocrx_word' id='word_1_26' title='bbox 379 1084 430 1161; x_wconf 86' lang='lat' dir='ltr'>ad</span> <span class='ocrx_word' id='word_1_27' title='bbox 456 1082 610 1159; x_wconf 88' lang='lat' dir='ltr'>civilem</span> <span class='ocrx_word' id='word_1_28' title='bbox 637 1084 757 1159; x_wconf 85' lang='lat' dir='ltr'>vitam</span> <span class='ocrx_word' id='word_1_29' title='bbox 782 1086 822 1158; x_wconf 90' lang='lat' dir='ltr'>in</span> <span class='ocrx_word' id='word_1_30' title='bbox 851 1087 1081 1167; x_wconf 78' lang='lat' dir='ltr'>universnm</span> <span class='ocrx_word' id='word_1_31' title='bbox 1109 1104 1156 1171; x_wconf 76' lang='lat' dir='ltr'>eir</span> 
     </span>
     <span class='ocr_line' id='line_1_6' title="bbox 133 1192 1158 1297; baseline 0.003 -18"><span class='ocrx_word' id='word_1_32' title='bbox 133 1202 313 1280; x_wconf 78' lang='lat' dir='ltr'>&#39;Homeri</span> <span class='ocrx_word' id='word_1_33' title='bbox 348 1194 587 1289; x_wconf 80' lang='lat' dir='ltr'>carminibus</span> <span class='ocrx_word' id='word_1_34' title='bbox 623 1192 896 1297; x_wconf 73' lang='lat' dir='ltr'>explicandam</span> <span class='ocrx_word' id='word_1_35' title='bbox 939 1221 979 1278; x_wconf 83' lang='lat' dir='ltr'>et</span> <span class='ocrx_word' id='word_1_36' title='bbox 1010 1208 1158 1283; x_wconf 84' lang='lat' dir='ltr'>exami-</span> 
     </span>
     <span class='ocr_line' id='line_1_7' title="bbox 83 1317 437 1393; baseline -0.017 0"><span class='ocrx_word' id='word_1_37' title='bbox 83 1330 86 1335; x_wconf 83' lang='grc'><strong><em>’</em></strong></span> <span class='ocrx_word' id='word_1_38' title='bbox 150 1317 335 1393; x_wconf 80' lang='lat' dir='ltr'>neodem.</span> <span class='ocrx_word' id='word_1_39' title='bbox 416 1342 437 1366; x_wconf 63' lang='lat'><em>²</em></span> 
     </span>
    </p>

    <p class='ocr_par' dir='ltr' id='par_1_4' title="bbox 77 1376 1156 1735">
     <span class='ocr_line' id='line_1_8' title="bbox 223 1376 1155 1527; baseline 0.007 -25"><span class='ocrx_word' id='word_1_40' title='bbox 223 1423 495 1506; x_wconf 78' lang='lat' dir='ltr'>Fundamenta</span> <span class='ocrx_word' id='word_1_41' title='bbox 522 1416 722 1495; x_wconf 85' lang='lat' dir='ltr'>societatis</span> <span class='ocrx_word' id='word_1_42' title='bbox 749 1413 896 1512; x_wconf 86' lang='lat' dir='ltr'>civilis,</span> <span class='ocrx_word' id='word_1_43' title='bbox 924 1418 1068 1527; x_wconf 85' lang='lat' dir='ltr'>quibus</span> <span class='ocrx_word' id='word_1_44' title='bbox 1087 1376 1155 1509; x_wconf 76' lang='lat' dir='ltr'>ltil-</span> 
     </span>
     <span class='ocr_line' id='line_1_9' title="bbox 151 1531 1154 1643; baseline -0.001 -25"><span class='ocrx_word' id='word_1_45' title='bbox 151 1546 212 1626; x_wconf 86' lang='lat' dir='ltr'>ius</span> <span class='ocrx_word' id='word_1_46' title='bbox 222 1539 343 1643; x_wconf 87' lang='lat' dir='ltr'>ipsius</span> <span class='ocrx_word' id='word_1_47' title='bbox 359 1536 600 1612; x_wconf 89' lang='lat' dir='ltr'>munimenta</span> <span class='ocrx_word' id='word_1_48' title='bbox 616 1550 654 1606; x_wconf 89' lang='lat' dir='ltr'>et</span> <span class='ocrx_word' id='word_1_49' title='bbox 669 1531 863 1633; x_wconf 81' lang='lat' dir='ltr'>praesidia</span> <span class='ocrx_word' id='word_1_50' title='bbox 877 1557 1154 1637; x_wconf 86' lang='lat' dir='ltr'>exstruuntur,</span> 
     </span>
     <span class='ocr_line' id='line_1_10' title="bbox 77 1642 1156 1735; baseline 0.005 -12"><span class='ocrx_word' id='word_1_51' title='bbox 77 1642 88 1723; x_wconf 70' lang='lat' dir='ltr'><strong><em>J</em></strong></span> <span class='ocrx_word' id='word_1_52' title='bbox 146 1671 244 1730; x_wconf 84' lang='lat' dir='ltr'>snut</span> <span class='ocrx_word' id='word_1_53' title='bbox 278 1648 391 1726; x_wconf 81' lang='lat' dir='ltr'>sedes</span> <span class='ocrx_word' id='word_1_54' title='bbox 419 1647 540 1734; x_wconf 80' lang='lat' dir='ltr'>fixae,</span> <span class='ocrx_word' id='word_1_55' title='bbox 578 1662 709 1721; x_wconf 84' lang='lat' dir='ltr'>certus</span> <span class='ocrx_word' id='word_1_56' title='bbox 736 1642 938 1721; x_wconf 87' lang='lat' dir='ltr'>habitandi</span> <span class='ocrx_word' id='word_1_57' title='bbox 970 1646 1084 1735; x_wconf 87' lang='lat' dir='ltr'>locus</span> <span class='ocrx_word' id='word_1_58' title='bbox 1118 1674 1156 1733; x_wconf 85' lang='lat' dir='ltr'>et</span> 
     </span>
    </p>
   </div>
   <div class='ocr_carea' id='block_1_4' title="bbox 151 1758 1154 1871">
    <p class='ocr_par' dir='ltr' id='par_1_5' title="bbox 151 1758 1154 1871">
     <span class='ocr_line' id='line_1_11' title="bbox 151 1758 1154 1871; baseline -0.017 -27"><span class='ocrx_word' id='word_1_59' title='bbox 151 1790 253 1871; x_wconf 84' lang='lat' dir='ltr'>quae</span> <span class='ocrx_word' id='word_1_60' title='bbox 277 1762 369 1839; x_wconf 91' lang='lat' dir='ltr'>inde</span> <span class='ocrx_word' id='word_1_61' title='bbox 394 1762 589 1848; x_wconf 87' lang='lat' dir='ltr'>nascitur,</span> <span class='ocrx_word' id='word_1_62' title='bbox 629 1759 777 1834; x_wconf 87' lang='lat' dir='ltr'>arctior</span> <span class='ocrx_word' id='word_1_63' title='bbox 802 1758 944 1835; x_wconf 86' lang='lat' dir='ltr'>civium</span> <span class='ocrx_word' id='word_1_64' title='bbox 982 1765 1089 1843; x_wconf 65' lang='lat' dir='ltr'>inter</span> <span class='ocrx_word' id='word_1_65' title='bbox 1113 1792 1154 1847; x_wconf 62' lang='lat'>50</span> 
     </span>
    </p>
   </div>
   <div class='ocr_carea' id='block_1_5' title="bbox 31 1871 1155 1963">
    <p class='ocr_par' dir='ltr' id='par_1_6' title="bbox 31 1871 1155 1963">
     <span class='ocr_line' id='line_1_12' title="bbox 31 1871 1155 1963; baseline 0.014 -22"><span class='ocrx_word' id='word_1_66' title='bbox 31 1932 35 1941; x_wconf 94' lang='lat'>.</span> <span class='ocrx_word' id='word_1_67' title='bbox 149 1875 376 1959; x_wconf 83' lang='lat' dir='ltr'>coniunctio</span> <span class='ocrx_word' id='word_1_68' title='bbox 405 1893 443 1949; x_wconf 87' lang='lat' dir='ltr'>et</span> <span class='ocrx_word' id='word_1_69' title='bbox 468 1871 725 1949; x_wconf 75' lang='lat' dir='ltr'>necessitudo</span> <span class='ocrx_word' id='word_1_70' title='bbox 773 1876 827 1944; x_wconf 84' lang='lat' dir='ltr'>Ex</span> <span class='ocrx_word' id='word_1_71' title='bbox 845 1872 902 1946; x_wconf 89' lang='lat' dir='ltr'>his</span> <span class='ocrx_word' id='word_1_72' title='bbox 919 1876 1021 1951; x_wconf 87' lang='lat' dir='ltr'>enim</span> <span class='ocrx_word' id='word_1_73' title='bbox 1040 1878 1155 1963; x_wconf 83' lang='lat' dir='ltr'>rebus</span> 
     </span>
    </p>
   </div>
   <div class='ocr_carea' id='block_1_6' title="bbox 153 1981 1153 2094">
    <p class='ocr_par' dir='ltr' id='par_1_7' title="bbox 153 1981 1153 2094">
     <span class='ocr_line' id='line_1_13' title="bbox 153 1981 1153 2094; baseline 0.005 -28"><span class='ocrx_word' id='word_1_74' title='bbox 153 1991 304 2094; x_wconf 80' lang='lat' dir='ltr'>patriae</span> <span class='ocrx_word' id='word_1_75' title='bbox 329 1987 440 2061; x_wconf 90' lang='lat' dir='ltr'>notio</span> <span class='ocrx_word' id='word_1_76' title='bbox 468 1981 698 2072; x_wconf 83' lang='lat' dir='ltr'>efflorescit,</span> <span class='ocrx_word' id='word_1_77' title='bbox 724 2009 827 2084; x_wconf 87' lang='lat' dir='ltr'>quae</span> <span class='ocrx_word' id='word_1_78' title='bbox 843 2008 978 2065; x_wconf 89' lang='lat' dir='ltr'>omnes</span> <span class='ocrx_word' id='word_1_79' title='bbox 993 1996 1153 2072; x_wconf 83' lang='lat' dir='ltr'>omniuo</span> 
     </span>
    </p>
   </div>
   <div class='ocr_carea' id='block_1_7' title="bbox 20 2094 1154 2226">
    <p class='ocr_par' dir='ltr' id='par_1_8' title="bbox 20 2094 1154 2226">
     <span class='ocr_line' id='line_1_14' title="bbox 20 2094 1154 2226; baseline 0.013 -55"><span class='ocrx_word' id='word_1_80' title='bbox 20 2116 27 2125; x_wconf 71' lang='grc'><strong>“</strong></span> <span class='ocrx_word' id='word_1_81' title='bbox 150 2105 332 2181; x_wconf 84' lang='lat' dir='ltr'>caritates</span> <span class='ocrx_word' id='word_1_82' title='bbox 354 2094 576 2226; x_wconf 84' lang='lat' dir='ltr'>complexa,</span> <span class='ocrx_word' id='word_1_83' title='bbox 610 2116 782 2187; x_wconf 80' lang='lat' dir='ltr'>mentes,</span> <span class='ocrx_word' id='word_1_84' title='bbox 815 2098 1007 2190; x_wconf 82' lang='lat' dir='ltr'>studia‚&#39;</span> <span class='ocrx_word' id='word_1_85' title='bbox 996 2111 1154 2223; x_wconf 76' lang='lat' dir='ltr'>ingenia</span> 
     </span>
    </p>
   </div>
   <div class='ocr_carea' id='block_1_8' title="bbox 80 2204 1192 3330">
    <p class='ocr_par' dir='ltr' id='par_1_9' title="bbox 96 2204 1155 2297">
     <span class='ocr_line' id='line_1_15' title="bbox 96 2204 1155 2297; baseline 0.001 -4"><span class='ocrx_word' id='word_1_86' title='bbox 96 2246 99 2253; x_wconf 91' lang='lat'>·</span> <span class='ocrx_word' id='word_1_87' title='bbox 150 2218 295 2294; x_wconf 86' lang='lat' dir='ltr'>civium</span> <span class='ocrx_word' id='word_1_88' title='bbox 322 2210 525 2290; x_wconf 79' lang='lat' dir='ltr'>consociat</span> <span class='ocrx_word' id='word_1_89' title='bbox 537 2227 587 2283; x_wconf 89' lang='lat' dir='ltr'>et</span> <span class='ocrx_word' id='word_1_90' title='bbox 611 2204 680 2283; x_wconf 92' lang='lat' dir='ltr'>illo</span> <span class='ocrx_word' id='word_1_91' title='bbox 705 2212 846 2294; x_wconf 72' lang='lat' dir='ltr'>amoris</span> <span class='ocrx_word' id='word_1_92' title='bbox 879 2212 1072 2293; x_wconf 85' lang='lat' dir='ltr'>vinculo&#39;</span> <span class='ocrx_word' id='word_1_93' title='bbox 1064 2230 1155 2297; x_wconf 77' lang='lat' dir='ltr'>oon·</span> 
     </span>
    </p>

    <p class='ocr_par' dir='ltr' id='par_1_10' title="bbox 152 2321 1172 2435">
     <span class='ocr_line' id='line_1_16' title="bbox 152 2321 1172 2435; baseline 0.005 -31"><span class='ocrx_word' id='word_1_94' title='bbox 152 2327 329 2426; x_wconf 77' lang='lat' dir='ltr'>stringit,</span> <span class='ocrx_word' id='word_1_95' title='bbox 366 2348 446 2429; x_wconf 86' lang='lat' dir='ltr'>quo</span> <span class='ocrx_word' id='word_1_96' title='bbox 455 2322 607 2398; x_wconf 83' lang='lat' dir='ltr'>civitas</span> <span class='ocrx_word' id='word_1_97' title='bbox 643 2321 683 2395; x_wconf 90' lang='lat' dir='ltr'>in</span> <span class='ocrx_word' id='word_1_98' title='bbox 716 2345 841 2400; x_wconf 85' lang='lat' dir='ltr'>noum</span> <span class='ocrx_word' id='word_1_99' title='bbox 867 2345 1015 2429; x_wconf 77' lang='lat' dir='ltr'>corpus</span> <span class='ocrx_word' id='word_1_100' title='bbox 1040 2354 1172 2435; x_wconf 74' lang='lat' dir='ltr'>coag-</span> 
     </span>
    </p>

    <p class='ocr_par' dir='ltr' id='par_1_11' title="bbox 80 2429 1154 2657">
     <span class='ocr_line' id='line_1_17' title="bbox 80 2429 1154 2547; baseline 0.004 -30"><span class='ocrx_word' id='word_1_101' title='bbox 80 2532 84 2547; x_wconf 42' lang='grc' dir='ltr'>Ι</span> <span class='ocrx_word' id='word_1_102' title='bbox 150 2458 325 2517; x_wconf 85' lang='lat' dir='ltr'>mentata</span> <span class='ocrx_word' id='word_1_103' title='bbox 360 2435 586 2511; x_wconf 87' lang='lat' dir='ltr'>societatem</span> <span class='ocrx_word' id='word_1_104' title='bbox 621 2429 838 2512; x_wconf 85' lang='lat' dir='ltr'>animorum</span> <span class='ocrx_word' id='word_1_105' title='bbox 865 2437 1005 2531; x_wconf 85' lang='lat' dir='ltr'>efficit,</span> <span class='ocrx_word' id='word_1_106' title='bbox 1042 2444 1154 2525; x_wconf 84' lang='lat' dir='ltr'>nulla</span> 
     </span>
     <span class='ocr_line' id='line_1_18' title="bbox 149 2544 1172 2657; baseline 0.007 -28.501"><span class='ocrx_word' id='word_1_107' title='bbox 149 2544 508 2657; x_wconf 84' lang='lat' dir='ltr'>visuperabilem,</span> <span class='ocrx_word' id='word_1_108' title='bbox 545 2546 663 2624; x_wconf 87' lang='lat' dir='ltr'>nullis</span> <span class='ocrx_word' id='word_1_109' title='bbox 694 2548 956 2651; x_wconf 82' lang='lat' dir='ltr'>periculorum</span> <span class='ocrx_word' id='word_1_110' title='bbox 992 2558 1172 2635; x_wconf 74' lang='lat' dir='ltr'>casibus</span> 
     </span>
    </p>

    <p class='ocr_par' dir='ltr' id='par_1_12' title="bbox 150 2661 1147 2787">
     <span class='ocr_line' id='line_1_19' title="bbox 150 2661 1147 2787; baseline 0.003 -43"><span class='ocrx_word' id='word_1_111' title='bbox 150 2661 440 2751; x_wconf 87' lang='lat' dir='ltr'>dissolubilem,</span> <span class='ocrx_word' id='word_1_112' title='bbox 472 2662 527 2735; x_wconf 89' lang='lat' dir='ltr'>ita</span> <span class='ocrx_word' id='word_1_113' title='bbox 560 2678 606 2737; x_wconf 86' lang='lat' dir='ltr'>ut</span> <span class='ocrx_word' id='word_1_114' title='bbox 638 2663 825 2765; x_wconf 83' lang='lat' dir='ltr'>quilibet,</span> <span class='ocrx_word' id='word_1_115' title='bbox 865 2665 905 2739; x_wconf 88' lang='lat' dir='ltr'>in</span> <span class='ocrx_word' id='word_1_116' title='bbox 939 2666 1147 2787; x_wconf 71' lang='lat' dir='ltr'>utilitatem</span> 
     </span>
    </p>

    <p class='ocr_par' dir='ltr' id='par_1_13' title="bbox 147 2773 1188 2885">
     <span class='ocr_line' id='line_1_20' title="bbox 147 2773 1188 2885; baseline 0.005 -29"><span class='ocrx_word' id='word_1_117' title='bbox 147 2776 387 2882; x_wconf 84' lang='lat' dir='ltr'>reipublicae</span> <span class='ocrx_word' id='word_1_118' title='bbox 412 2773 512 2850; x_wconf 85' lang='lat' dir='ltr'>vires</span> <span class='ocrx_word' id='word_1_119' title='bbox 535 2799 784 2864; x_wconf 83' lang='lat' dir='ltr'>consumere,</span> <span class='ocrx_word' id='word_1_120' title='bbox 819 2800 978 2880; x_wconf 85' lang='lat' dir='ltr'>operam</span> <span class='ocrx_word' id='word_1_121' title='bbox 1003 2773 1188 2885; x_wconf 76' lang='lat' dir='ltr'>impeti·¹</span> 
     </span>
    </p>

    <p class='ocr_par' dir='ltr' id='par_1_14' title="bbox 95 2886 1151 3003">
     <span class='ocr_line' id='line_1_21' title="bbox 95 2886 1151 3003; baseline 0.01 -38"><span class='ocrx_word' id='word_1_122' title='bbox 95 2959 98 2965; x_wconf 90' lang='lat'><em>.</em></span> <span class='ocrx_word' id='word_1_123' title='bbox 148 2892 260 2980; x_wconf 87' lang='lat' dir='ltr'>dere,</span> <span class='ocrx_word' id='word_1_124' title='bbox 286 2890 391 2965; x_wconf 88' lang='lat' dir='ltr'>bona</span> <span class='ocrx_word' id='word_1_125' title='bbox 417 2906 457 2963; x_wconf 88' lang='lat' dir='ltr'>et</span> <span class='ocrx_word' id='word_1_126' title='bbox 473 2886 610 2979; x_wconf 86' lang='lat' dir='ltr'>vitam</span> <span class='ocrx_word' id='word_1_127' title='bbox 626 2887 880 2987; x_wconf 83' lang='lat' dir='ltr'>profundere,</span> <span class='ocrx_word' id='word_1_128' title='bbox 916 2919 996 3003; x_wconf 83' lang='lat' dir='ltr'>non</span> <span class='ocrx_word' id='word_1_129' title='bbox 1023 2896 1151 2976; x_wconf 88' lang='lat' dir='ltr'>solnm</span> 
     </span>
    </p>

    <p class='ocr_par' dir='ltr' id='par_1_15' title="bbox 148 2998 1192 3108">
     <span class='ocr_line' id='line_1_22' title="bbox 148 2998 1192 3108; baseline 0.011 -30"><span class='ocrx_word' id='word_1_130' title='bbox 148 3030 228 3081; x_wconf 91' lang='lat' dir='ltr'>non</span> <span class='ocrx_word' id='word_1_131' title='bbox 254 3018 431 3090; x_wconf 84' lang='lat' dir='ltr'>recuset,-</span> <span class='ocrx_word' id='word_1_132' title='bbox 458 2998 563 3075; x_wconf 85' lang='lat' dir='ltr'>se&#39;d</span> <span class='ocrx_word' id='word_1_133' title='bbox 553 3024 592 3074; x_wconf 85' lang='grc' dir='ltr'>ιιι</span> <span class='ocrx_word' id='word_1_134' title='bbox 619 3000 818 3108; x_wconf 81' lang='lat' dir='ltr'>religionis</span> <span class='ocrx_word' id='word_1_135' title='bbox 844 3024 884 3079; x_wconf 89' lang='lat' dir='ltr'>et</span> <span class='ocrx_word' id='word_1_136' title='bbox 910 3009 1067 3084; x_wconf 77' lang='lat' dir='ltr'>virtutis</span> <span class='ocrx_word' id='word_1_137' title='bbox 1082 3010 1152 3091; x_wconf 92' lang='lat' dir='ltr'>ho·</span> <span class='ocrx_word' id='word_1_138' title='bbox 1188 3012 1192 3063; x_wconf 73' lang='lat'>³</span> 
     </span>
    </p>

    <p class='ocr_par' dir='ltr' id='par_1_16' title="bbox 146 3100 1150 3213">
     <span class='ocr_line' id='line_1_23' title="bbox 146 3100 1150 3213; baseline 0.009 -21"><span class='ocrx_word' id='word_1_139' title='bbox 146 3142 281 3193; x_wconf 83' lang='lat' dir='ltr'>norem</span> <span class='ocrx_word' id='word_1_140' title='bbox 307 3111 428 3191; x_wconf 78' lang='lat' dir='ltr'>alacri</span> <span class='ocrx_word' id='word_1_141' title='bbox 454 3111 585 3187; x_wconf 79' lang='lat' dir='ltr'>animo</span> <span class='ocrx_word' id='word_1_142' title='bbox 610 3115 763 3213; x_wconf 87' lang='lat' dir='ltr'>gestiat.</span> <span class='ocrx_word' id='word_1_143' title='bbox 822 3100 962 3195; x_wconf 79' lang='lat' dir='ltr'>Graeci</span> <span class='ocrx_word' id='word_1_144' title='bbox 986 3119 1150 3210; x_wconf 82' lang='lat' dir='ltr'>illorum</span> 
     </span>
    </p>

    <p class='ocr_par' dir='ltr' id='par_1_17' title="bbox 147 3224 1148 3330">
     <span class='ocr_line' id='line_1_24' title="bbox 147 3224 1148 3330; baseline 0.011 -26"><span class='ocrx_word' id='word_1_145' title='bbox 147 3248 364 3330; x_wconf 87' lang='lat' dir='ltr'>temporum</span> <span class='ocrx_word' id='word_1_146' title='bbox 392 3245 520 3303; x_wconf 83' lang='lat' dir='ltr'>certas</span> <span class='ocrx_word' id='word_1_147' title='bbox 547 3224 704 3327; x_wconf 85' lang='lat' dir='ltr'>quidem</span> <span class='ocrx_word' id='word_1_148' title='bbox 730 3227 843 3307; x_wconf 79' lang='lat' dir='ltr'>sedes.</span> <span class='ocrx_word' id='word_1_149' title='bbox 874 3230 1148 3330; x_wconf 77' lang='lat' dir='ltr'>incoluerunt,</span> 
     </span>
    </p>
   </div>
   <div class='ocr_carea' id='block_1_9' title="bbox 57 3336 1192 4009">
    <p class='ocr_par' dir='ltr' id='par_1_18' title="bbox 57 3336 1192 4009">
     <span class='ocr_line' id='line_1_25' title="bbox 146 3336 1192 3448; baseline 0.002 -30"><span class='ocrx_word' id='word_1_150' title='bbox 146 3340 214 3418; x_wconf 89' lang='lat' dir='ltr'>sed</span> <span class='ocrx_word' id='word_1_151' title='bbox 240 3366 317 3416; x_wconf 92' lang='lat' dir='ltr'>non</span> <span class='ocrx_word' id='word_1_152' title='bbox 346 3336 570 3414; x_wconf 89' lang='lat' dir='ltr'>omnimodo</span> <span class='ocrx_word' id='word_1_153' title='bbox 595 3337 710 3432; x_wconf 84' lang='lat' dir='ltr'>fixas,</span> <span class='ocrx_word' id='word_1_154' title='bbox 745 3342 803 3446; x_wconf 27' lang='lat' dir='ltr'>ad·</span> <span class='ocrx_word' id='word_1_155' title='bbox 820 3370 918 3448; x_wconf 89' lang='lat' dir='ltr'>quas</span> <span class='ocrx_word' id='word_1_156' title='bbox 943 3367 1148 3448; x_wconf 65' lang='lat' dir='ltr'>proponas</span> <span class='ocrx_word' id='word_1_157' title='bbox 1189 3420 1192 3427; x_wconf 84' lang='grc'><strong>,</strong></span> 
     </span>
     <span class='ocr_line' id='line_1_26' title="bbox 142 3448 1175 3554; baseline 0.009 -24"><span class='ocrx_word' id='word_1_158' title='bbox 142 3453 274 3530; x_wconf 76' lang='grc' dir='ltr'><strong>ιιιιὶιιιὶ,</strong></span> <span class='ocrx_word' id='word_1_159' title='bbox 297 3448 511 3554; x_wconf 84' lang='lat' dir='ltr'>applicatio</span> <span class='ocrx_word' id='word_1_160' title='bbox 545 3476 592 3525; x_wconf 83' lang='lat' dir='ltr'>ex</span> <span class='ocrx_word' id='word_1_161' title='bbox 625 3456 910 3532; x_wconf 85' lang='lat' dir='ltr'>consuetudine</span> <span class='ocrx_word' id='word_1_162' title='bbox 943 3478 1072 3537; x_wconf 84' lang='lat' dir='ltr'>tracta</span> <span class='ocrx_word' id='word_1_163' title='bbox 1107 3458 1175 3539; x_wconf 76' lang='lat' dir='ltr'>il·</span> 
     </span>
     <span class='ocr_line' id='line_1_27' title="bbox 69 3563 1146 3670; baseline -0.006 -26"><span class='ocrx_word' id='word_1_164' title='bbox 69 3564 83 3662; x_wconf 56' lang='lat' dir='ltr'>J</span> <span class='ocrx_word' id='word_1_165' title='bbox 141 3568 246 3658; x_wconf 84' lang='lat' dir='ltr'>lum,</span> <span class='ocrx_word' id='word_1_166' title='bbox 282 3567 351 3670; x_wconf 88' lang='lat' dir='ltr'>qui</span> <span class='ocrx_word' id='word_1_167' title='bbox 380 3563 591 3642; x_wconf 86' lang='lat' dir='ltr'>iuvenilem</span> <span class='ocrx_word' id='word_1_168' title='bbox 617 3565 854 3667; x_wconf 88' lang='lat' dir='ltr'>populorum</span> <span class='ocrx_word' id='word_1_169' title='bbox 889 3589 1057 3646; x_wconf 80' lang='lat' dir='ltr'>oetatem</span> <span class='ocrx_word' id='word_1_170' title='bbox 1083 3598 1146 3653; x_wconf 75' lang='lat'>00.</span> 
     </span>
     <span class='ocr_line' id='line_1_28' title="bbox 141 3678 1146 3784; baseline 0.008 -31"><span class='ocrx_word' id='word_1_171' title='bbox 141 3697 283 3784; x_wconf 88' lang='lat' dir='ltr'>cupat,</span> <span class='ocrx_word' id='word_1_172' title='bbox 322 3679 425 3754; x_wconf 84' lang='lat' dir='ltr'>vitae</span> <span class='ocrx_word' id='word_1_173' title='bbox 459 3678 748 3778; x_wconf 76' lang='lat' dir='ltr'>peregrinantis</span> <span class='ocrx_word' id='word_1_174' title='bbox 771 3698 811 3755; x_wconf 90' lang='lat' dir='ltr'>et</span> <span class='ocrx_word' id='word_1_175' title='bbox 842 3682 1016 3783; x_wconf 82' lang='lat' dir='ltr'>vagantis</span> <span class='ocrx_word' id='word_1_176' title='bbox 1042 3711 1146 3762; x_wconf 85' lang='lat' dir='ltr'>amo·</span> 
     </span>
     <span class='ocr_line' id='line_1_29' title="bbox 142 3788 1146 3899; baseline -0.008 -29"><span class='ocrx_word' id='word_1_177' title='bbox 142 3821 223 3870; x_wconf 86' lang='lat' dir='ltr'>rem</span> <span class='ocrx_word' id='word_1_178' title='bbox 251 3788 494 3865; x_wconf 83' lang='lat' dir='ltr'>abolevisset</span> <span class='ocrx_word' id='word_1_179' title='bbox 518 3810 557 3864; x_wconf 89' lang='lat' dir='ltr'>et</span> <span class='ocrx_word' id='word_1_180' title='bbox 582 3790 812 3890; x_wconf 84' lang='lat' dir='ltr'>perimisset.</span> <span class='ocrx_word' id='word_1_181' title='bbox 863 3796 1048 3899; x_wconf 81' lang='lat' dir='ltr'>Exemplo</span> <span class='ocrx_word' id='word_1_182' title='bbox 1075 3803 1146 3877; x_wconf 70' lang='lat' dir='ltr'>im.</span> 
     </span>
     <span class='ocr_line' id='line_1_30' title="bbox 57 3903 1147 4009; baseline 0.006 -26"><span class='ocrx_word' id='word_1_183' title='bbox 57 3979 62 3990; x_wconf 82' lang='lat'>,</span> <span class='ocrx_word' id='word_1_184' title='bbox 142 3929 220 4009; x_wconf 84' lang='lat' dir='ltr'>quo</span> <span class='ocrx_word' id='word_1_185' title='bbox 242 3903 287 3978; x_wconf 89' lang='lat' dir='ltr'>in</span> <span class='ocrx_word' id='word_1_186' title='bbox 311 3904 485 3978; x_wconf 86' lang='lat' dir='ltr'>Homero</span> <span class='ocrx_word' id='word_1_187' title='bbox 511 3910 668 3980; x_wconf 79' lang='lat' dir='ltr'>exstant</span> <span class='ocrx_word' id='word_1_188' title='bbox 691 3907 906 4004; x_wconf 80' lang='lat' dir='ltr'>patriarum</span> <span class='ocrx_word' id='word_1_189' title='bbox 931 3907 1068 3988; x_wconf 84' lang='lat' dir='ltr'>sedum</span> <span class='ocrx_word' id='word_1_190' title='bbox 1092 3910 1147 3991; x_wconf 81' lang='lat' dir='ltr'>fa·</span> 
     </span>
    </p>
   </div>
   <div class='ocr_carea' id='block_1_10' title="bbox 0 0 1298 4560">
    <p class='ocr_par' dir='ltr' id='par_1_19' title="bbox 0 0 1298 4560">
     <span class='ocr_line' id='line_1_31' title="bbox 0 0 1298 4560; baseline 0 1"><span class='ocrx_word' id='word_1_191' title='bbox 0 0 1298 4560; x_wconf 95' lang='lat' dir='ltr'> </span> 
     </span>
    </p>
   </div>
  </div>
 </body>
</html>
