2588 4560
724 196 727 203 ,

551 244 715 305 ,1,

1092 346 1159 419 147

116 563 119 570 ·
166 555 231 611 tae
268 530 401 608 oculos
427 533 480 602 'et
514 542 678 600 mentem
715 521 915 603 hominum
953 518 1177 634 effugiunt*
1260 542 1262 546 ”

131 700 134 705 ,
166 655 311 726 Parcae
336 657 463 718 autem
490 635 691 712 Themidis
715 633 818 715 filiae
854 660 894 717 et
919 667 1068 721 sorores
1095 656 1157 729 ti-

166 768 295 866 „mim
314 765 427 850 Δίκης,
454 767 491 823 et
516 749 635 864 εἰμ’νης
659 741 804 847 legibus
828 750 948 831 firmis
974 777 1027 833 et
1038 787 1059 835 e
1083 763 1156 837 vir·

165 894 248 952 tute
283 870 380 971 aptis
414 864 765 962 regnaturum
793 862 999 954 Themide,
1036 890 1154 974 quam
1199 870 1201 875 ’
1271 936 1277 945 1

162 991 409 1061 Hermannus
435 977 617 1051 stetinum
645 966 778 1064 vertit,
804 976 901 1052 nihil
925 979 1157 1061 aliudintel·
1196 971 1200 977 ⁸

162 1098 312 1196 ligitur,
339 1118 454 1194 quam
456 1085 587 1192 quod
612 1089 787 1189 positum
814 1109 853 1165 et
876 1110 1062 1181 statutum
1082 1116 1153 1186 est,

162 1211 296 1312 itaque
320 1199 405 1299 lex
408 1222 477 1277 seu
503 1199 639 1301 regula
664 1222 701 1277 et
726 1201 904 1310 quidem
905 1206 1156 1309 potissimum
1243 1216 1248 1227 ‘

165 1347 231 1410 oa,
268 1344 368 1422 qnae
390 1313 509 1433 magis
542 1311 592 1386 ad
619 1314 789 1423 animum
792 1303 998 1410 hominis,
1035 1347 1154 1426 quom

122 1450 127 1459 '
164 1438 441 1517 adnaturam,
466 1427 603 1503 mentis
628 1419 845 1528 expertem,
870 1433 1048 1532 pertinet.
1096 1436 1155 1509 Ειι
1216 1436 1223 1441 ’

162 1549 238 1629 hac
261 1525 379 1671 igitur
403 1536 597 1616 sententia
620 1537 740 1614 fatum
768 1539 865 1618 alias
887 1569 1046 1622 caecum
1064 1575 1155 1628 ocu·
1177 1611 1188 1649 ‚.
1204 1591 1219 1643 ,ι

161 1661 287 1739 lorum
313 1655 398 1734 u'su
413 1651 623 1730 instruitur
657 1671 694 1726 et
720 1649 946 1739 velamentis
970 1644 1155 1739 detractis

160 1772 353 1873 nocteque
380 1762 564 1865 dispulsa
585 1789 609 1837 a
633 1762 808 1866 quolibet
832 1771 1007 1870 conspici
1032 1792 1072 1847 et
1094 1774 1155 1849 in-

160 1884 281 1984 telligi
306 1900 453 1984 potest.
508 1882 685 1952 Ceterum
718 1872 1061 1974 memorabilem,
1100 1885 1156 1962 di·
1228 1914 1233 1933 ¹

124 2024 280 2124 averso·
312 2018 441 2068 rerum
467 2009 570 2068 statu
599 1985 791 2067 diversam
817 1998 1026 2072 Parcarum
1059 2025 1155 2099 pro·
1177 1996 1184 2007 ’
1286 1989 1291 1996 ’

161 2109 397 2187 creationem
421 2103 563 2182 induci.
613 2083 725 2180 Prior
750 2102 851 2176 enim
876 2104 1044 2185 obtinuit
1070 2135 1155 2212 reg·
1164 2182 1167 2191 ,

128 2212 281 2298 nante
305 2221 491 2309 Saturno,
528 2244 608 2322 quo
635 2238 776 2295 natura
800 2241 928 2293 secum
965 2222 1067 2320 ipsa
1077 2221 1155 2300 die·
1204 2226 1206 2230 ’

162 2360 249 2413 cors
275 2352 314 2408 et
339 2322 498 2408 dissona
522 2330 707 2433 nondum,
721 2328 770 2405 ad
794 2326 887 2405 fixas
901 2333 1054 2431 regulas
1067 2357 1154 2413 erat
1207 2334 1210 2338 ’

132 2465 404 2566 ,comparato
424 2443 498 2522 ced
521 2441 720 2520 incondita
745 2462 785 2516 et
808 2444 1065 2523 inordinata
1050 2473 1157 2526 rece

160 2557 260 2634 bat.
290 2557 382 2634 Tali
404 2584 536 2634 rerum
551 2557 672 2632 statui
687 2558 888 2647 convenit,
908 2560 1061 2636 noctem
1082 2563 1154 2638 lati
1249 2577 1252 2581 ’

161 2672 395 2792 genetricem
421 2695 515 2747 esse.
565 2676 615 2743 At
638 2669 833 2770 posterior
856 2677 1075 2770 procreatio
1092 2702 1158 2755 ac·
1245 2684 1248 2693 '

152 2781 258 2860 'cidit
282 2773 357 2859 snb
374 2782 517 2863 Iovis
506 2781 689 2883 imperio,
715 2780 807 2885 qui
810 2781 947 2859 sedato
965 2806 1004 2861 et
1023 2789 1154 2891 sopito

161 2896 302 2973 virium
327 2897 429 2969 inter
453 2921 491 2968 se
514 2893 779 2970 dissidentium
806 2915 914 2972 nesto
931 2924 1081 2983 omnem
1099 2903 1156 2978 vi·
1202 2946 1209 2968 ι

161 3028 242 3083 tom
266 3025 452 3082 ettotam
477 3024 654 3110 naturam
682 3031 823 3108 pacare
839 3010 1041 3113 certisque
1062 2986 1156 3112 le'gi·

162 3118 234 3196 ltus
258 3117 513 3222 tranquillare
528 3120 721 3197 instituit·
759 3123 864 3195 Dum
885 3122 1001 3220 igitur
1023 3149 1155 3200 rerunt

162 3232 302 3324 iacies,
327 3231 512 3336 dissipata
535 3233 718 3334 caligine,
750 3244 851 3336 qnae
875 3231 1063 3312 mundum
1089 3235 1177 3313 ob··
1202 3319 1205 3325 ,

160 3345 260 3423 texit
284 3365 323 3423 et
347 3348 553 3450 cooperuit
562 3402 582 3436 ‚,
604 3348 778 3447 serenior
802 3365 840 3422 et
859 3342 1026 3441 hilarior
1050 3340 1156 3426 factu

152 3476 244 3549 est,
280 3485 360 3551 non
384 3461 614 3562 potuitsnon
644 3480 683 3535 et
714 3458 877 3537 fatum
867 3484 907 3531 ιιι
932 3458 1048 3535 aliem
1073 3488 1157 3537 mu·
1169 3538 1176 3553 ,
1249 3532 1252 3539 .

163 3571 241 3647 tari
263 3570 428 3665 formam
453 3592 494 3648 et
516 3591 598 3649 tum
617 3571 768 3649 clarius
796 3589 835 3647 et
855 3568 1048 3649 illustrius
1071 3571 1157 3653 red·
1213 3561 1217 3572 ’

165 3682 246 3772 di,
264 3701 347 3761 turn
373 3710 477 3761 novo
508 3710 640 3760 rerum
675 3685 802 3761 ordini
828 3682 1020 3784 adaptari
1081 3691 1157 3762 Ita·
1212 3777 1219 3792 ⁴,

164 3821 242 3898 que
256 3795 369 3873 hocf
368 3817 473 3874 atum
489 3793 539 3871 ab
554 3803 647 3872 love
664 3817 703 3871 et
716 3795 907 3873 Themide
930 3817 1058 3874 satum
1077 3819 1157 3875 nou

129 3953 144 3970 .
165 3926 213 3986 ut
235 3928 351 3988 antea
374 3910 437 3990 sui
461 3910 581 4052 ipeinn
603 3909 754 4015 regula
763 3928 869 4001 erat,
894 3907 988 4002 ced,
1026 3932 1157 4010 quem

854 4012 968 4116 ιο*
