2588 4560
1013 272 1209 407 17

52 531 218 624 nbmina
236 528 339 603 moon
348 523 563 615 invenisse,
589 522 659 599 sed
686 547 734 623 ιιι
744 515 949 631 religione
966 522 1059 631 aliag
1100 502 1114 531 ⁹

55 670 143 726 rum
171 643 342 744 gentium
369 637 586 737 accepisse,
621 664 700 740 qno
727 638 872 715 fectum
899 658 977 728 est,
1013 658 1058 719 ut

54 754 193 864 pbeta,
228 754 297 884 qni
317 752 521 882 'antiquam
546 747 654 825 illam
682 750 728 825 de
753 755 886 831 Parcis
912 754 1062 886 opinio·
1153 770 1156 777 ’

53 897 147 953 nem
185 866 365 954 retinuit,
387 860 601 965 simulque
633 889 706 969 pro
741 866 841 967 epici
875 868 1058 946 carminis
1149 892 1152 897 ·

34 994 202 1079 ‘natura
223 985 328 1056 Deos
353 1003 484 1073 rerum
509 974 766 1073 humanarum
780 999 976 1059 auctores
1002 981 1058 1057 in

53 1098 190 1186 duxit,
216 1090 299 1172 eibi
333 1093 408 1196 ipsi
441 1118 522 1167 uon
557 1106 730 1177 constet,¹
766 1088 832 1183 aed
860 1086 1056 1186 fluctuet„
1110 1156 1113 1161 .
1170 1132 1185 1199 Ἃ

55 1234 99 1305 et
115 1208 228 1287 modo
241 1206 346 1296 illae,
372 1204 488 1281 modo
506 1202 601 1279 hos
590 1230 630 1278 ιιι
647 1202 793 1279 mundo
808 1207 980 1305 regendo
997 1236 1057 1287 su
1113 1237 1115 1242 ·
1137 1278 1140 1285 .

37 1324 226 1430 ..periuras
242 1319 372 1397 iaciat.
397 1314 527 1394 Nam
518 1343 556 1391 ιιι
583 1317 735 1391 ratione
744 1319 1056 1425 constituenda,
1133 1364 1137 1373 =

29 1428 32 1433 ’
59 1461 161 1542 quae
184 1433 288 1517 inter
311 1436 451 1509 Parcas
477 1452 517 1505 et
542 1427 679 1505 Deos
668 1432 951 1527 intercesserit,
977 1462 1058 1512 cer
1138 1434 1167 1465 ⁵

57 1569 97 1625 ta
117 1544 314 1650 principia
342 1541 614 1619 desiderantur
648 1546 687 1616 et
700 1540 820 1619 notio
845 1546 1055 1627 Parcarum

53 1689 143 1741 cum
169 1680 314 1736 natura
340 1659 517 1731 Deorum
541 1678 626 1729 non
655 1657 752 1730 satis
780 1658 988 1737 conciliata
1014 1684 1054 1740 et
1150 1728 1152 1732 .
1234 1678 1237 1683 '

54 1771 272 1875 composita
304 1773 346 1861 in
372 1763 553 1845 Homeri
566 1764 802 1844 carminibus
837 1770 1054 1866 exhibetur.
1151 1804 1154 1811 ·

53 1884 209 1992 Deinde
237 1883 312 1961 hoc
337 1904 505 1986 quoque
511 1877 632 1955 facile
656 1856 949 1961 concedendum
976 1910 1054 1980 est,

52 1998 126 2075 fati
150 1988 350 2074 notionem
375 2021 422 2071 ex
443 1990 677 2091 astrologiae
702 1992 903 2096 principiis
929 2020 967 2073 et
985 2001 1055 2079 ita·

53 2139 132 2218 que
160 2138 206 2186 ex
230 2108 340 2186 cultu
369 2127 537 2205 naturae
563 2125 692 2180 mente
717 2111 882 2185 carentis
907 2111 1056 2212 proflu-
1092 2145 1097 2156 ’

44 2228 178 2315 ¹uisse,
205 2251 292 2299 nam
320 2248 434 2311 nere,
462 2217 568 2322 quod
585 2219 717 2294 Parcis
742 2218 943 2316 tribuitur,
969 2254 1055 2329 per·

54 2334 280 2442 potuitatem
317 2357 357 2413 et
381 2335 520 2428 seriem
546 2356 777 2407 caussarum
804 2335 1039 2415 indicare
991 2370 1057 2419 vt·
1115 2402 1117 2407 .

16 2450 36 2515 ἶ
56 2453 194 2542 detur,
225 2477 305 2553 qna
321 2449 399 2533 alia
417 2474 479 2524 res
495 2470 541 2523 ex
558 2440 711 2520 aliaest
728 2471 825 2529 nerra
842 2468 881 2523 et
896 2473 988 2552 apta
1006 2453 1054 2533 cf.

55 2572 190 2642 Creuz.
214 2561 342 2662 Mytb.
366 2568 480 2655 T.,3
506 2585 544 2660 p.
574 2579 658 2655 357.
695 2561 1055 2671 Sententiamheuc

53 2676 139 2782 ipsa
158 2678 369 2765 Parcarum
396 2673 574 2773 potentia
600 2668 851 2770 comprobat,
877 2660 979 2777 quae
1004 2679 1059 2754 in·

55 2788 216 2865 teritum
247 2805 288 2871 et
320 2785 557 2887 populorum
589 2801 643 2857 at
660 2780 885 2859 homiuum
880 2811 1056 2887 regunt,
1173 2862 1176 2868 ,
1236 2842 1241 2853 x

56 2898 202 3027 itaque
223 2921 322 2971 uon
338 2898 531 2984 animum,
570 2893 655 2971 sed
651 2914 807 2996 corpus
833 2892 1064 2982 mortalium
1173 2966 1175 2971 .

57 3009 224 3108 aeternis
258 3010 340 3089 suis
371 3007 543 3111 legibue.
551 3007 705 3107 illigant
730 3027 767 3105 et
799 3007 1057 3111 adstringunt

40 3112 207 3232 *Quum
226 3143 356 3198 autem
394 3132 442 3194 ιιι
465 3120 626 3203 Homeri
651 3123 843 3197 sententia
861 3119 945 3222 ipsi
970 3127 1058 3228 Dii,

57 3265 126 3347 qur
116 3221 318 3340 alioquin
336 3233 600 3312 dominatores
617 3255 779 3315 naturae
794 3220 1056 3330 inducuntur,

55 3351 139 3426 fato
165 3347 331 3427 subiecti
356 3352 454 3435 sint,
479 3348 616 3450 quaeri
643 3356 797 3450 potest,
820 3374 874 3425 ex·
886 3376 1056 3453 quonam

57 3463 167 3538 fonte
192 3459 290 3538 baec
305 3459 478 3562 perfecta
497 3463 704 3543 necessitas
720 3460 944 3565 manaverit.
979 3466 1061 3543 Ηιιέ

57 3573 121 3651 ius
147 3576 247 3651 ratio
273 3600 321 3649 ea
347 3568 432 3650 es'sa
460 3573 630 3649 videtur:
656 3594 752 3649 sunt
776 3594 857 3662 ret,
876 3599 985 3678 quae
1003 3577 1060 3653 ni,
1116 3610 1146 3625 ’-

57 3689 89 3763 ti
116 3700 200 3765 toto
226 3711 365 3769 rerum¹
378 3686 515 3776 ordine
529 3684 725 3787 ⁸perverso
751 3703 792 3761 et
809 3688 977 3764 'rationis
991 3686 1063 3765 -le·'

49 3800 170 3901 ¹gibus
197 3798 380 3888 sublatis,
419 3798 578 3893 annullo
603 3791 720 3883 etssne
739 3797 896 3902 quidem
922 3824 946 3875 a
970 3802 1058 3877 Deo
1087 3864 1092 3895 ,

21 3938 28 3949 ’
55 3910 259 4013 immutari
301 3929 339 3988 et
370 3913 574 4002 retraetari
608 3908 777 4027 ῙιιιιιιιιιΙ
795 3912 990 4021 fibtenim
1023 3908 1077 4015 ei¹

821 4058 843 4116 2
