2588 4560
130 289 180 369 60

8 548 13 563 ·
42 532 51 555 ·’
130 514 363 609 adiuvandis
391 516 455 595 vel
473 516 756 617 perturbandis
789 516 892 593 inde
915 537 1010 597 nata
1036 543 1141 595 esse

90 714 93 720 ¹
127 629 304 717 videtur,
329 629 438 732 qood
465 655 585 760 saepe
611 630 772 718 accidit,
798 651 844 706 ut
868 632 959 733 quis
984 652 1055 706 aut
1078 622 1143 706 ul·.

9 742 11 749 '
62 778 66 784 ·
105 763 190 843 xtra
216 743 318 841 viras
345 743 491 842 ingenii
518 762 629 834 antea
654 745 829 853 proditas
867 744 986 846 quid
997 712 1156 819 molle·

127 873 193 930 tor
225 874 265 929 et
298 852 477 956 perficiat
513 857 627 931 etita
662 882 705 930 so
731 857 832 956 ipse
843 878 1065 967 superet,
1062 876 1142 969 ant

25 964 27 969 ’
126 965 320 1043 interdum
349 965 459 1042 sibi
448 995 531 1097 ipse
557 964 655 1042 desit
680 989 719 1042 et
735 970 917 1043 virtutem
935 991 1057 1073 atque
1075 996 1142 1045 sa·

105 1082 314 1180 'pientiam
339 1082 515 1181 conspici
539 1078 690 1156 solitam
711 1062 919 1155 desiderari
940 1084 1141 1187 patiatur.

111 1191 319 1293 'Quoniam
352 1191 450 1275 haec,
483 1219 530 1267 ex
561 1200 703 1267 natura
735 1212 772 1265 et
778 1191 991 1309 legibus
981 1198 1143 1307 mgenii

123 1302 286 1388 humani
312 1333 389 1380 non
416 1304 530 1381 facile
557 1307 742 1415 etplicart
757 1320 959 1404 poterant
985 1311 1086 1389 Dii
1075 1338 1141 1384 ιιι-

17 1482 22 1497 .
76 1500 80 1509 ,
122 1419 324 1497 tercedere
349 1418 608 1519 putabantur,
649 1439 690 1493 at
714 1445 792 1491 non
820 1446 866 1494 eo
894 1446 1045 1525 usque,
1087 1436 1148 1509 ut,

84 1594 87 1599 .
122 1532 243 1608 hoino
270 1536 376 1607 omni
401 1532 580 1609 libertate
602 1529 742 1627 agendi
767 1551 906 1606 exutus
939 1532 1040 1606 nihil
1068 1562 1144 1617 es,

124 1665 188 1731 set
212 1646 291 1719 nisi
315 1647 610 1719 instrumentum
627 1646 801 1717 Deorum
818 1645 1028 1753 potentiae.
1068 1654 1140 1722 Et.

11 1788 19 1794 ·
124 1759 229 1840 enim
250 1758 296 1847 ii,
323 1759 392 1859 qni
417 1762 592 1830 Deorum
620 1756 839 1855 praestigiis
864 1762 1066 1833 occaecati
1095 1762 1138 1839 et

121 1861 252 1945 mente
287 1868 497 1950 abalienati
531 1865 672 1941 malum
709 1866 782 1969 sibi
819 1867 1070 1975 contrahunt
1093 1895 1146 1957 et,

120 1986 166 2058 in
188 1985 434 2082 perniciem
425 2007 531 2054 suam
564 1997 684 2063 ruunt
710 1980 777 2070 (ad
784 1981 972 2057 facinora
1000 2012 1031 2059 a
1042 1989 1135 2063 Diis

119 2095 276 2171 nulius
272 2094 511 2194 impellitur,
543 2111 648 2165 certe
675 2118 809 2167 eorum
832 2098 1014 2193 potentia
1041 2104 1135 2205 non

117 2204 325 2308 adigitur)
363 2232 405 2280 se
431 2207 536 2305 ipsos
559 2200 836 2292 reosfaciunt,
875 2208 1012 2283 'saltem
1043 2230 1167 2291 non.

118 2348 280 2399 omnem
299 2319 491 2417 culpam
482 2343 520 2389 tn
536 2318 643 2393 Deos
668 2338 848 2393 auctores
866 2323 1133 2406 transferunt.

72 2484 75 2488 ·
117 2437 283 2535 Saepius
308 2433 443 2511 heroes
469 2430 509 2502 in
536 2429 605 2517 iis,
628 2455 752 2531 quae
779 2432 984 2534 perperam
1007 2437 1132 2515 ‚lece-

45 2635 48 2647 ,
70 2603 71 2607 ι
118 2572 226 2634 ιιιιιι,
240 2548 320 2638 ἄτην
342 2559 531 2621 excusant
547 2562 585 2625 et
604 2560 840 2649 causantur,
867 2550 950 2635 cui,
975 2555 1126 2626 utiam

17 2660 41 2709 ‘¹
86 2660 431 2748 sab-Hermanno
456 2655 504 2737 ad
531 2655 776 2728 Aristotelem
803 2659 1126 2742 animadversum
1161 2669 1171 2691 ‘

79 2772 85 2783 ’
115 2798 204 2865 est„
219 2788 289 2853 eae
305 2770 477 2844 actiones
492 2760 789 2851 adscribuntur,
808 2783 917 2874 'quae
934 2779 1014 2847 no'n
1032 2793 1129 2853 tam

91 2978 93 2984 ¹
115 2917 164 2967 ex
189 2885 448 2970 necessitate,
474 2885 588 2984 quam
606 2881 785 2961 libertate
802 2883 1009 2983 proiectae
1027 2911 1130 2965 anc-

81 2986 376 3081 ⁷toribussuis
410 3018 553 3069 noxam
580 2993 787 3073 adferunt*
811 2999 984 3071 'Etenim
1014 2990 1136 3100 qnae

55 3182 58 3187 .
111 3116 177 3217 vel
202 3107 492 3211 inconsiderate
518 3124 555 3177 et
576 3106 823 3197 inconsulto,
859 3109 919 3184 vel
945 3136 990 3181 ex
1008 3119 1132 3214 cupi.
1178 3166 1181 3175 .

112 3229 244 3319 ditatis
266 3223 505 3299 effraenatae
523 3220 687 3293 stimulis
704 3239 917 3318 geruntur,
937 3221 1130 3321 impulsu
1177 3270 1181 3283 ·

1 3429 3 3433 Ι
109 3322 192 3435 ἅτις
215 3340 318 3414 facta
343 3351 537 3438 putantur
570 3334 797 3433 ceteroquin
823 3332 974 3405 alianae
998 3361 1022 3407 a
1054 3366 1126 3415 ve.

109 3458 164 3532 ris
189 3450 416 3528 criminibus
445 3465 484 3518 et
510 3442 744 3533 sceleribus,
771 3470 872 3547 quae
895 3442 1124 3529 deliberato

97 3556 239 3644 ¹animo
266 3579 474 3664 patrantur
500 3572 625 3658 atque
648 3582 693 3630 ex
718 3550 917 3656 impietate
949 3577 987 3630 et
1013 3561 1125 3639 iniu-

107 3684 234 3758 stitiae
261 3677 450 3773 originem
477 3664 653 3743 trahuot'.
702 3672 763 3740 De
787 3669 962 3757 homine,
990 3695 1040 3742 ex
1058 3677 1124 3750 in·

81 3782 397 3891 ,considerantia
431 3782 561 3882 laps0,
599 3779 778 3879 loquutio
813 3779 1119 3908 frequentatur:
1160 3772 1164 3781 ¹

105 3900 232 3989 ,taem
248 3899 285 3986 δὲ
301 3904 430 4010 Sino,
456 3914 502 3968 ιιι
529 3894 577 3968 de
603 3896 797 3983 Oeneo,
781 3892 866 3993 qui
869 3890 1060 3973 Dianae
1051 3912 1127 3980 „sa-1
