2588 4560
142 343 192 421 52

30 603 33 615 .
143 512 370 613 Menelaum
402 529 615 609 coniecerit
638 542 678 601 et
704 522 904 601 divinae
893 526 1066 625 iustitiae
1089 553 1190 641 re·

145 667 314 778 pugnet,
338 645 483 719 Deos
473 671 513 719 tn
539 608 715 768 aliquem
735 639 785 712 ob
811 636 957 715 iactum
985 596 1190 745 aliquod

145 744 473 867 animadvertere,
498 754 548 829 ad
574 751 715 857 quod
705 753 784 854 tpsi
799 778 888 827 eum
907 753 1149 854 impulerint.

144 872 290 949 lllud
281 898 411 975 tpsum
449 888 600 956 autem,
653 864 759 967 quod
786 866 852 938 Dii
888 864 1077 945 homines
1096 868 1150 947 ad

145 984 349 1090 perfidiam
380 984 569 1067 excitent,
608 976 845 1065 documento
877 996 976 1070 esse,
1015 982 1147 1085 qualis

39 1184 44 1199 ,
72 1122 75 1129 ’
146 1122 186 1177 et
211 1126 289 1201 quo
314 1097 403 1171 loco
430 1090 611 1169 habenda
638 1093 691 1167 sit
722 1090 792 1165 illa
819 1090 949 1167 divina
974 1095 1148 1187 iustitia,
1188 1182 1190 1187 ,

144 1239 249 1316 quae
275 1236 299 1283 a
323 1207 435 1284 nobis
465 1204 624 1315 quidem
656 1207 749 1280 satis
775 1202 1065 1297 commendata,
1103 1234 1148 1285 re

146 1352 242 1401 vera
273 1341 404 1413 autem
439 1344 631 1395 somnium
664 1336 823 1392 nostrae
848 1337 988 1394 mentis
1013 1320 1149 1397 existi-

147 1424 246 1512 r'nari
271 1422 429 1509 debeat(
471 1437 583 1506 Haeo
608 1420 770 1505 eatenus
796 1454 890 1505 vera
914 1449 1026 1521 sunt,
1053 1460 1149 1536 qua·

147 1571 260 1626 tenus
283 1567 390 1623 recte
416 1544 599 1622 contendi
624 1561 775 1643 potest,
809 1547 982 1622 Graecos
1008 1565 1148 1647 utpote

83 1688 87 1702 ·
147 1666 325 1763 ignaros,
352 1658 548 1761 quomodo
575 1676 614 1730 et
638 1666 716 1757 qua
743 1651 790 1727 de
815 1656 956 1731 caussa
982 1662 1018 1729 T
1021 1661 1177 1737 roiani'

147 1778 278 1851 datam
304 1771 420 1850 fidem
447 1769 676 1852 fefellerint,
712 1769 873 1841 nimium
908 1772 1080 1868 graviter
1106 1774 1148 1849 in

147 1898 217 1965 hos
243 1886 387 1963 invehi.
436 1894 486 1967 At
506 1909 554 1957 ex
579 1882 700 1959 altera
725 1901 835 1981 parte
851 1880 928 1957 hoc'
941 1910 1021 1959 non
1037 1912 1149 1985 prae·

146 1998 437 2079 termittendum
496 2013 582 2085 est,
640 1978 861 2072 Pandarum
920 1997 1075 2097 quidem
1122 2026 1147 2077 a

145 2117 234 2207 Diis
265 2113 497 2196 excitatum,
538 2127 579 2181 at
603 2106 664 2184 his
697 2133 778 2205 npn
804 2126 981 2184 coactum
1008 2130 1149 2188 contra

34 2286 36 2293 ,
142 2225 305 2311 foedera
329 2225 487 2322 egisse..
508 2219 571 2296 vd
598 2247 635 2296 v
659 2246 749 2319 104
782 2232 832 2331 τῷ
857 2220 942 2309 di(
928 2223 1146 2319 (Pandaro)

146 2348 268 2456 φςὲνώς
296 2336 371 2448 ἀφρ
373 2371 414 2416 ott
435 2338 550 2420 πεῖθεν
575 2336 800 2430 (Minerva).
851 2342 986 2440 ltaque
1005 2335 1150 2414 decul-

144 2481 221 2561 pa
239 2472 278 2527 et
314 2373 503 2551 perfidiae
542 2448 699 2523 crimine
732 2445 932 2524 Pandarus
965 2452 1148 2527 excusari

145 2592 226 2641 non
253 2581 401 2664 potest,
427 2560 601 2645 licetDii
626 2587 736 2658 eum,
761 2588 902 2664 quem
894 2560 971 2635 ad
961 2558 1145 2637 rniu'riain
1171 2570 1174 2577 '

62 2706 65 2713 ’
146 2678 304 2752 Graecis
329 2670 569 2748 inferendam
596 2651 913 2762 sollicitaverint,
938 2675 1076 2748 iustam
1102 2693 1149 2751 et

143 2784 388 2892 probabilem
421 2787 617 2888 plectendi
643 2813 822 2863 caussam
858 2813 937 2866 non
961 2785 1148 2873 habeant.

143 2909 196 2979 At
220 2926 342 3003 quum
375 2897 521 2975 fac'tum
549 2898 716 2976 Pandari
752 2926 821 3029 per
854 2927 895 3003 se
925 2920 1151 3002 spectatum

142 3013 331 3090 iniustum
355 3014 403 3086 sit
429 3013 548 3087 etDii
573 3033 760 3116 tanquam
787 3013 976 3100 iustitiae,
1000 3013 1150 3091 facino·

38 3160 44 3177 ι
141 3152 229 3199 rum
251 3098 442 3214 vindicis,
493 3127 658 3216 ministri
684 3127 792 3201 ab
759 3153 843 3204 etus
867 3128 986 3235 iussis
1025 3127 1151 3205 disce-

143 3237 236 3353 dere
268 3264 348 3314 non
375 3236 550 3328 valeant,
588 3237 747 3337 exlege
780 3240 1028 3314 necessitatis
1052 3267 1150 3343 rup·
1133 3230 1179 3329 ι’,

141 3336 243 3425 tores
266 3347 470 3429 foederum
496 3379 623 3454 poena
650 3350 807 3426 allicere
824 3351 984 3440 debent,
1011 3353 1149 3449 etiam·
1180 3436 1185 3447 ,

39 3490 42 3495 ’
143 3463 178 3537 si
204 3462 281 3563 ipsi
307 3462 591 3567 perfractarnm
617 3464 844 3567 pactionum
881 3464 1064 3542 auctores
1104 3486 1149 3543 et

32 3586 35 3591 “
142 3573 340 3665 adiutores
354 3578 579 3652 exstiterint.
628 3581 752 3680 Quam
771 3579 1040 3653 necessitatem
1058 3552 1149 3655 Diis

139 3688 200 3762 sui
223 3690 392 3763 muneris
408 3687 580 3767 officium
596 3717 640 3764 eo
657 3692 773 3789 magis
788 3682 1036 3793 imponebat,
1061 3718 1148 3793 quo

6 3830 29 3850 ·’
138 3803 285 3880 certius.
304 3819 387 3889 est,
414 3820 459 3875 ut
482 3820 597 3877 antea
624 3802 913 3894 demonstravi,
940 3802 1149 3909 quodlibet

128 3909 287 3993 ⁴fetatum
313 3932 430 4015 turpe
449 3937 609 4021 quoquo
625 3914 740 3995 modo
755 3936 977 4020 patratum,
1003 3936 1151 4021 utpote·
