2588 4560
240 360 310 440 rra

211 482 215 495 ·
252 486 256 493 ·
368 476 382 515 ι

241 570 335 649 tutis
359 566 532 642 homines
552 562 783 667 plerumque
804 584 924 649 mann
942 560 1001 639 ius
1024 588 1137 639 suum
1156 580 1248 697 per·

228 680 534 789 ΙἰειιιιιιιιιιιιιιιῃΙ
567 676 691 781 deque
715 672 865 764 illo,
843 702 923 779 quo
950 700 992 751 se
1015 674 1166 753 laesos
1172 666 1249 780 pri·

240 798 396 891 iebant,
424 789 661 892 supplicium
685 785 910 875 sumebant,
938 789 979 863 in
996 814 1076 897 quo
1095 791 1249 893 exigen-

243 910 311 987 do
331 934 354 982 a
358 904 572 980 caedibus
606 924 651 977 ee
685 900 749 977 vix
780 900 1036 977 continerent.
1075 901 1150 979 od
1177 929 1247 1001 13,

233 1018 314 1123 '259
338 1033 475 1095 narrat
499 1013 659 1124 Ulysses
685 1011 761 1088 sub
786 1036 959 1112 persona
978 1015 1164 1107 mendici,
1200 1044 1247 1095 se

13 1154 15 1167 ·
242 1131 441 1209 Idomenei
475 1107 598 1201 fliium
630 1123 780 1199 insidiis
810 1125 1118 1218 circumventum
1144 1133 1245 1209 oc'ci·

245 1246 368 1332 disse,
397 1244 489 1346 quia
498 1239 635 1369 'ipsum
656 1228 829 1336 praedae
854 1257 966 1339 parte
982 1266 1030 1316 ex
1046 1242 1170 1330 Troia
1187 1270 1248 1320 re·

242 1375 423 1459 portatae
448 1354 603 1455 privare
630 1349 808 1425 voluerit.
865 1355 955 1453 l'psa
985 1353 1127 1447 caedes
1155 1382 1247 1457 pru

143 1538 149 1546 ,
244 1494 400 1555 corum,
426 1467 494 1569 qui
515 1462 658 1567 quovis
665 1456 812 1567 pretio
820 1464 983 1560 gratiam
1003 1465 1159 1565 Ulyssis
1171 1472 1248 1549 sibi

125 1602 129 1611 ·
243 1602 473 1683 comparere
499 1576 679 1665 student,
706 1577 799 1653 satis
817 1594 1008 1667 testatur,
1033 1569 1270 1695 ulciscendi.

158 1732 162 1741 ·
245 1694 413 1770 animum
439 1686 707 1769 tantummodo
733 1688 859 1767 morte
877 1689 1093 1773 adversarii
1109 1690 1249 1777 satiari

243 1806 439 1911 putuisse.
1240 1838 1245 1867 -·

284 1925 364 2001 Ιιι
387 1938 542 1992 caussa
557 1913 690 1991 caedis
717 1910 968 2016 perpetratae
1006 1944 1086 1996 non
1123 1944 1248 2038 popu·

242 2029 371 2107 lorum
397 2028 641 2133 principer,
649 2026 728 2101 sed
753 2030 910 2127 cognati
943 2046 985 2104 et
1016 2028 1201 2121 familia
1189 2060 1248 2110 ru·

244 2142 395 2218 terfeeti
421 2140 655 2239 homicidam
683 2139 957 2230 vindicabant,
995 2167 1116 2246 penes
1142 2170 1246 2248 quoe
1287 2182 1290 2187 ’

245 2256 355 2357 optio
382 2274 488 2341 erat,
513 2271 665 2329 utrum·
661 2272 885 2331 auctorem:
898 2255 1029 2333 caedis
1054 2255 1248 2335 interfice·
1283 2348 1286 2353 ⁸

244 2388 307 2457 re,
336 2394 385 2441 an
410 2367 537 2469 pretio
561 2364 686 2440 scelus
713 2366 957 2452 redemtum
945 2369 994 2442 tri
1017 2387 1058 2443 et
1074 2368 1149 2443 sibi
1164 2396 1249 2447 mu·

239 2479 405 2559 ,neribus
421 2475 560 2554 oblatis
574 2477 754 2557 satisfieri
769 2480 935 2567 vellent,
959 2504 1149 2585 reumque
1167 2510 1250 2560 sce·

116 2640 118 2645 ·
244 2591 327 2673 lere
360 2590 535 2669 solutum
568 2589 822 2681 dimitterent.
882 2588 1082 2697 Familiam
1113 2611 1248 2674 autem

244 2705 375 2783 necati
399 2706 528 2806 ipsum
554 2702 723 2804 pietatis
739 2702 911 2781 officium
942 2700 1119 2791 ultricem
1151 2730 1249 2781 con·

247 2810 493 2894 ιιὶιιιιὶιιι
462 2840 541 2904 stc,
566 2835 610 2892 ut
625 2818 859 2892 intermissio
879 2813 1250 2913 animadversionis,

246 2954 350 3036 quae
373 2944 558 3035 tanquam
578 2926 795 3059 piaculum
795 2929 988 3007 interfecti
1004 2933 1249 3030 exigeretur,

245 3040 384 3120 huie
374 3043 448 3143 rpsi
486 3032 599 3148 quati
631 3040 812 3120 iniuriam
843 3038 1025 3156 inferret,
1074 3042 1269 3123 familiae-

247 3174 376 3233 autem
412 3152 666 3257 opprobrium
699 3174 740 3228 et
778 3150 1029 3255 ignominiam
1056 3157 1248 3257 gigneret.

213 3348 216 3353 ,
247 3272 378 3367 Quare
403 3268 553 3343 Orestis
578 3264 702 3367 glorie
719 3260 968 3356 celebratur,
995 3293 1112 3373 quam
1137 3269 1247 3371 apud

247 3386 379 3459 omnes
402 3375 577 3454 homiues
602 3405 648 3454 eo
674 3396 940 3480 consequutus
963 3377 1103 3469 fuerit,
1139 3378 1248 3485 quod

246 3490 481 3595 parricidam
497 3491 734 3592 Aegisthum
744 3488 992 3575 interfecerit.
1013 3482 1143 3583 0111,
1160 3506 1246 3592 398

246 3603 420 3680 Inuitum
471 3605 599 3707 perire
657 3603 779 3708 quid
801 3600 1080 3680 contumeliosi
1134 3629 1245 3698 esse,

246 3714 465 3818 significant
496 3716 721 3794 Telemachi
753 3718 873 3794 verba
898 3712 957 3791 'ad
990 3740 1136 3818 procos
1171 3716 1247 3795 Od.

205 3862 208 3867 ·
236 3840 293 3923 ¹l,
319 3839 400 3929 380.
427 3852 471 3918 ι,
501 3844 588 3928 '1452
620 3828 758 3926 νήποινοί
777 3837 839 3916 ιιιι’
862 3832 983 3915 ἔπειτα
1004 3827 1111 3930 δόμων
1133 3829 1248 3913 ἶνιν·

244 3943 311 4031 dir
336 3940 484 4035 ἴλιισθι.
544 3952 672 4050 Atque
709 3943 815 4028 hene
841 3939 1129 4049 contumeliam
1160 3966 1248 4024 nen
