2588 4560
109 427 117 435 ·
237 403 334 489 140,Η
373 432 376 437 ·
496 409 499 414 ’
688 410 692 419 ’

215 600 322 687 '.tes,
348 594 463 699 (quos
488 616 576 669 oum
594 592 823 666 Hermanno
848 538 1143 691 genitales
1057 620 1135 671 non
1154 621 1279 677 ver

215 725 378 819 terim)
410 703 557 808 τιν’χεσι
581 709 843 811 λαμπομένοι,
850 703 1004 809 direx*
990 743 1101 815 2734„
1119 747 1183 833 χ,
1167 683 1248 820 ,,,,,’

210 908 214 915 ,
240 840 372 939 ἔχοντες
400 835 617 910 sententiae
642 837 854 914 Hermanni
880 862 1100 941 repugnare
1126 839 1256 914 etde.

19 934 21 945 Ι
135 942 140 950 ’
241 949 361 1027 rebus
386 947 435 1023 ad
461 971 570 1023 arma
601 965 641 1021 et
671 973 824 1048 pugnas
843 948 1149 1063 pertinentibus
1160 976 1239 1026 ser·

220 1060 224 1064 ’
243 1080 394 1139 munem
418 1080 518 1139 esse,
546 1058 635 1134 satis
650 1047 866 1134 ostendere
872 1058 1064 1138 videntur.
1123 1065 1162 1134 Si
1173 1076 1241 1158 er«

58 1235 61 1243 .
115 1265 117 1277 Ι
164 1172 167 1177 “
244 1195 293 1275 go
318 1170 508 1249 hocloco
543 1168 591 1245 de
625 1168 795 1271 physicis
822 1172 1036 1248 rationibus
1069 1173 1238 1270 cogitan-

244 1286 336 1361 dum
370 1302 497 1401 esset,
534 1267 725 1381 Erinnyas
745 1285 880 1414 potius
914 1268 1052 1358 viribm
1085 1305 1241 1360 conten·

160 1386 180 1419 '‘
243 1393 387 1507 tinuenr
411 1392 682 1501 intelligerem,
722 1397 815 1474 sine
832 1422 908 1501 qua
939 1393 1036 1469 nibil
1070 1396 1241 1496 gignier

229 1513 363 1587 ,vitam
396 1507 551 1601 trahere
585 1527 727 1609 potest.
803 1512 912 1601 Haec
945 1508 1059 1583 notio
1097 1503 1273 1587 melius.

228 1618 455 1724 ‚quadraret
485 1618 540 1695 ad
574 1638 751 1695 naturam
782 1621 1042 1718 Erinnyum,
1041 1649 1156 1725 quae
1192 1624 1239 1698 iis'

244 1731 417 1835 alioquin
442 1731 638 1808 tribuitur

319 1852 451 1939 Pauca
478 1864 592 1939 sunt,
617 1851 690 1920 nec
714 1842 763 1920 ab
782 1848 987 1924 Homerica
1015 1847 1243 1949 descriptio·

243 1984 294 2034 ne
317 1958 492 2046 diversa,
527 1983 627 2063 quaa
660 1957 699 2031 in
726 1959 888 2035 Hesiodi
922 1961 1156 2037 carminibus
1191 1961 1241 2037 de

68 2072 73 2079 ’
130 2084 133 2091 “
237 2071 318 2167 m
348 2070 583 2146 referuntur.
642 2071 843 2179 Peculiare
873 2075 1030 2179 quidem
1064 2074 1244 2149 Hesiodo

245 2204 320 2260 est
328 2209 445 2286 genus
463 2183 580 2279 Ἄτης,
608 2208 815 2284 quaecum
841 2196 1015 2292 Avovops'io
1041 2204 1125 2262 sata
1154 2212 1243 2287 per·

150 2294 155 2299 ’
224 2295 421 2385 bibetur,
448 2294 497 2369 'ab
522 2292 636 2368 E'ride
661 2317 700 2370 et
717 2300 841 2372 Nocte
863 2299 1091 2401 repetitum,
1118 2300 1242 2403 equi·

200 2444 202 2448 ⁸
244 2410 318 2491 bus
342 2405 564 2538 parentibus
597 2427 739 2486 natura
765 2410 844 2505 dim
868 2411 961 2485 satis
994 2406 1276 2511 intelligitur(

39 2552 41 2556 ¹
128 2573 132 2578 ,
170 2624 173 2628 ι
244 2525 326 2596 Eris
352 2523 452 2596 euim
477 2548 555 2595 non
581 2519 741 2622 simplex
763 2521 974 2611 discordia,
1018 2519 1114 2592 sed
1107 2521 1244 2623 potius
1274 2566 1284 2615 ,-

208 2634 209 2638 ’
245 2635 443 2710 contentio
473 2632 671 2710 inferioris
696 2623 799 2711 iilius
828 2642 993 2709 naturae
1019 2650 1099 2720 est,
1137 2656 1243 2731 quae

244 2747 286 2821 in
312 2747 494 2844 teu'ebris
510 2745 641 2822 abdita
665 2729 901 2863 cupiditates
925 2767 963 2822 et
983 2744 1244 2849 perturbatio·
1284 2813 1286 2820 Α

140 2887 144 2896 ·
244 2883 313 2932 nes
338 2861 456 2936 animi
482 2843 754 2962 complectitur
778 2881 818 2936 et
832 2860 1032 2937 hommem
1053 2857 1241 2935 alumine

67 2966 79 2985 '
155 3031 156 3034 ,
230 2972 411 3056 ‘'rationis
437 2973 594 3051 abducit
609 2991 647 3047 et
673 2991 806 3053 secum
816 2972 916 3075 ipso
926 2971 1140 3051 discordem
1156 2968 1243 3046 red·

246 3081 345 3160 dit.-
343 3093 518 3216 Itaque
526 3083 877 3177 inconsiderantia,
892 3084 1010 3193 quae
1030 3081 1099 3218 ἅτ,
1121 3083 1243 3160 conti·

128 3229 138 3236 ·
183 3231 185 3237 ·
234 3198 382 3287 uetur,
397 3192 532 3301 'eripit
553 3197 699 3275 homini
723 3202 1001 3285 conscientiam
1029 3199 1092 3272 sui
1119 3196 1242 3296 ipsius

247 3331 285 3386 et
310 3290 488 3389 obducit
494 3306 732 3392 oblivionem
753 3313 915 3389 rationis
935 3330 974 3386 et
988 3307 1240 3411 prudentiae,

246 3451 379 3530 quae
374 3424 536 3529 quasi
509 3425 668 3499 umbra
702 3443 741 3499 et
764 3423 926 3527 ealigine
950 3430 1160 3521 opacatur,
1197 3424 1260 3498 ut'

245 3538 367 3615 homo
392 3538 587 3618 caecutiat
611 3556 651 3617 et
675 3562 754 3613 aee
770 3539 860 3638 ipso
879 3534 1128 3639 abalienetur.
1170 3539 1253 3615 Ceo.

245 3661 379 3728 terum
400 3646 570 3725 dubitari
593 3667 745 3760 potest,
781 3675 875 3725 num
901 3649 996 3727 haec
1011 3649 1060 3725 ab
1079 3648 1241 3782 antiquo

245 3782 364 3868 poeta
406 3758 584 3865 profecta
618 3762 707 3838 sint
768 3753 1020 3841 Hermannus
1059 3761 1255 3864 nimirpm·

110 3868 114 3877 ’
198 3900 202 3907 ·
245 3892 402 3964 censet,
428 3886 1116 3975 ‘quaev.211-223.euumeratur,
1140 3842 1244 3955 Nbo·

244 3990 296 4066 tis
315 4004 368 4066 *ot
399 3983 540 4087 deinde
571 3986 699 4065 Eridis
736 3989 991 4093 propaginem
1025 4004 1161 4103 epate
1188 4008 1241 4066 ax
