2588 4560
167 295 217 374 60

46 554 51 569 ·
85 540 88 545 '
168 520 400 615 adiuvandis
427 522 491 600 vel
516 522 792 623 perturbandis
825 522 917 599 inde
952 536 1168 603 nata'esse

128 722 130 726 Ι
165 635 341 723 videtur,
366 635 475 738 qnod
502 662 621 736 saepe
647 636 808 724 accidit,
835 657 880 712 ut
904 639 996 739 quis
1021 658 1089 712 aut
1109 636 1168 712 nl·

39 740 43 749 ’
143 769 227 849 xtra
253 749 355 848 viges
382 750 528 849 ingenii
555 770 665 824 antea
692 751 865 851 proditas
904 750 999 852 qnid
1032 718 1179 825 mulia·-

165 879 231 957 tur
263 881 302 935 et
335 858 513 963 perficiat
549 864 664 937 etita
699 888 741 936 se
763 852 1057 966 ipsesuperet,
1091 882 1167 969 'aut

164 972 357 1050 interdum
385 972 461 1049 sibi
485 977 567 1074 ipse
593 974 692 1049 desit
717 995 756 1049 et
773 977 954 1083 virtutem
972 998 1090 1080 atque
1106 1002 1167 1051 sa·

143 1082 351 1187 ‘pientiam
376 1089 552 1188 conspici
576 1088 726 1163 solitam
747 1087 956 1163 desiderari
976 1092 1166 1187 patiatur.

163 1199 356 1299 Quoniam
390 1199 487 1283 haec
520 1226 567 1274 ex
599 1208 740 1274 natura
771 1220 809 1273 et
839 1199 996 1300 legibus.
1017 1204 1166 1302 ingenii

161 1310 324 1395 hnmani
349 1340 431 1389 noo*
453 1311 567 1388 facile
594 1302 778 1422 explicari
794 1300 996 1413 poterant,
1022 1319 1089 1390 Dii
1105 1308 1167 1391 in·'

55 1490 58 1497 .
115 1510 118 1515 ¹
161 1427 361 1505 tercedere
386 1426 645 1527 putabantur,
686 1448 726 1501 at
751 1454 829 1500 non
857 1455 903 1503 eo
931 1454 1079 1537 usqne,
1116 1449 1166 1506 nt

160 1539 280 1615 homo
308 1543 413 1615 omni
438 1540 617 1615 libertate
639 1539 779 1637 agendi
804 1560 943 1616 exutus
976 1541 1073 1615 nihil
1098 1569 1163 1620 es-

162 1672 226 1739 set
249 1654 328 1727 nisi
352 1655 647 1727 instrumentum
663 1656 837 1727 Deorum
856 1654 1064 1761 potentiae.
1098 1662 1165 1730 Et·

51 1795 57 1801 ·
162 1767 266 1840 enim
287 1765 334 1855 ii,
360 1767 429 1867 qui
454 1770 629 1840 Deorum
657 1767 877 1865 praestigiis
901 1770 1097 1841 occaecati
1124 1770 1163 1847 e't

159 1900 289 1953 mente
325 1876 534 1954 abalienati
568 1876 709 1951 malum
746 1878 820 1979 sibi
857 1879 1101 1983 contrahunt,
1122 1903 1163 1959 et

158 1994 204 2066 in.
225 1993 434 2090 perniciem
462 2017 568 2064 suam
600 2008 721 2096 ruunt
748 1991 1010 2081 (ad‘faciuora
1036 1998 1161 2071 a·Diis

158 2103 287 2179 nullus
310 2103 548 2203 impellitur,
580 2122 685 2177 certe
712 2130 848 2178 eorum
870 2109 1050 2205 ¹potentia
1076 2114 1161 2213 'non

158 2217 363 2316 adigitur).
400 2242 442 2290 se
468 2218 573 2316 ipsos
596 2214 874 2304 rensiacinnt,
913 2220 1049 2295 'saltem
1079 2252 1187 2301 non.

157 2356 310 2404 omnam
337 2330 492 2428 culpam
519 2330 557 2401 io
574 2330 680 2405 Deos
706 2350 886 2406 auctores
904 2335 1158 2415 transferunt.

156 2445 321 2543 Saepius
346 2443 480 2521 heroes
506 2443 546 2514 in
573 2436 642 2528 iis,
681 2467 784 2543 quae
817 2446 1022 2547 perperam
1044 2449 1154 2525 ,fece

157 2580 265 2643 runt,
278 2557 358 2648 ἄτην
378 2572 569 2633 excusant
585 2574 623 2635 et
642 2575 878 2661 causantur,
905 2563 988 2648 cui,
1014 2566 1148 2637 utiam

78 2706 81 2713 ¹
127 2672 205 2755 :ab
231 2677 458 2744 Hermanno
493 2669 542 2742 ad
569 2668 814 2741 Aristotelem
842 2673 1151 2751 animadversum
1181 2676 1190 2699 ‘

120 2780 125 2789 ’
155 2806 243 2874 est,¹
258 2809 328 2863 eae
343 2782 515 2856 actiones
530 2779 827 2866 adscribuntur,
846 2798 956 2889 'quae
973 2794 1051 2861 no'n
1068 2806 1156 2863 tam

131 2986 134 2991 ¹
155 2925 203 2974 ex
228 2897 486 2982 necessitate,
512 2898 626 2997 qnam
644 2895 823 2976 libertate
841 2898 1047 2998 profectae
1064 2924 1158 2976 auc·

16 3022 22 3041 ¹
121 2997 133 3007 '¹
152 2996 415 3089 toribus'suis
448 3030 591 3081 noxam
618 3008 825 3087 adferunt:
850 3021 852 3027 ’
874 3014 1022 3086 Etenim
1052 3038 1163 3116 quae

151 3126 216 3225 vel
241 3119 530 3221 inconsiderate
556 3138 594 3192 et
614 3120 862 3213 inconsulto,
898 3126 958 3201 vel
983 3152 1028 3198 ex
1046 3130 1160 3226 cupi·

152 3239 283 3312 ditatis
305 3233 543 3309 effraenatae
561 3236 725 3310 stimulis
742 3256 950 3335 geruntur,
976 3237 1159 3337 impulsu
1195 3282 1199 3289 ·

149 3340 232 3445 ἄτης
255 3350 358 3424 facta
384 3366 575 3448 putantur
608 3352 835 3451 ceteroquin
861 3351 1013 3424 alienae
1036 3378 1059 3424 a
1088 3379 1156 3428 ve·

149 3468 204 3542 ri's
229 3461 456 3538 criminibus
484 3481 523 3534 et
548 3460 782 3553 sceleribus,
809 3491 911 3567 quae
934 3461 1155 3542 deliberato

151 3566 281 3654 animo
307 3568 520 3673 patrantnr'
539 3572 671 3677 'atque'
686 3568 732 3651 ex
757 3576 956 3677 impietate
988 3597 1026 3651 et
1050 3578 1156 3654 iniu-

148 3692 276 3767 stitiae
303 3688 490 3785 originem
516 3684 692 3764 trahunt‘.
740 3693 802 3762 De
826 3691 1002 3780 homine,
1029 3716 1076 3763 ex
1093 3693 1155 3766 in·
1184 3784 1187 3789 Ι

123 3799 438 3899 ,ςοηεῐόθνᾶηῐία
471 3798 600 3900 lapso,
637 3801 817 3902 loquutio
852 3803 1151 3904 frequentatur:

147 3912 274 3998 &iniiam
290 3909 326 3997 lt
343 3917 471 4026 θυμῷ,
496 3933 541 3987 ut
568 3915 616 3989 de
642 3919 795 4007 Oeneor,
820 3916 1069 4018 qui'Dianae
1087 3908 1158 3997 ita-3
