2588 4560
952 304 1063 437 '97

61 534 131 639 pia
153 558 228 610 nec
243 530 435 633 gravitate
460 514 645 635 expeditu
668 525 893 617 difficilibus
917 560 1064 634 pauco.
1185 590 1191 611 ι

60 674 150 723 rum
189 647 360 724 virorum
404 638 541 716 manus
583 659 623 714 et
660 640 808 718 studia·
826 640 1062 747 sufficerem.

60 763 153 839 Non
195 749 355 860 possum
378 773 478 837 ‚non
516 755 605 829 hoc·
629 750 718 829 loco
751 753 887 843 falsam
925 781 1062 843 notare

18 860 22 865 ¹
61 869 264 971 Schlegelii
301 864 532 943 sententiam
561 850 616 939 'tle
652 865 915 971 dominatione
939 899 1065 949 sacer·

61 984 222 1071 (lotum,
257 1002 360 1081 quae
391 976 562 1079 pristinis
594 976 667 1053 illis
702 980 942 1082 temporibus
968 985 1065 1081 obti-

61 1096 224 1184 nuerit,‘
240 1097 459 1193 horumque
484 1091 649 1192 imperio
675 1091 724 1179 in,
742 1092 978 1199 populorum
1005 1126 1065 1175 re.

14 1244 17 1249 ·
59 1233 140 1311 ges.
200 1216 495 1311 Argumentum,
527 1203 633 1304 quod
659 1203 900 1305 Schlegelius
926 1210 1061 1309 alfere,

12 1306 20 1351 ³
59 1320 141 1399 hoc
166 1340 246 1409 est,
269 1315 378 1421 quod
405 1316 570 1415 Chrysea
593 1317 633 1389 in
658 1316 726 1423 illa
752 1345 841 1397 cum
868 1329 1064 1423 Agamem·

50 1460 166 1511 ,none
191 1428 437 1509 contentione
454 1426 500 1505 tle
524 1422 605 1505 lilia
620 1426 838 1524 reddenda,
864 1464 981 1547 quprn
999 1441 1064 1519 hic

59 1546 258 1649 captivam
287 1540 463 1631 tenebat,
501 1541 683 1653 superior
720 1542 966 1642 discesserit,
1003 1555 1063 1630 ira

11 1706 16 1713 -
60 1678 103 1737 et
127 1658 303 1761 potentia
329 1652 514 1757 Apollinis
539 1654 579 1728 in
606 1653 790 1733 auxilium
817 1680 968 1740 vocate.
1014 1674 1064 1744 A't
1097 1721 1101 1727 -

35 1772 140 1849 ,hoc
172 1770 395 1845 testimonio
428 1766 526 1843 nihil
560 1764 680 1842 aliud·
708 1766 896 1877 efficitur,
945 1787 1082 1880 qnam'

52 1877 158 1972 linc,
211 1880 450 1959 sacerdotem
484 1878 626 1954 iniuria
660 1876 835 1972 afficere,
872 1885 1065 1966 nefarium

10 2072 16 2085 ,
59 1997 186 2074 fuisse
211 1994 495 2082 existimatum,
520 1991 627 2096 qood
641 2016 764 2097 aeque
789 1993 862 2070 illis
887 2024 934 2075 ac
949 2005 1066 2079 serio·

10 2094 13 2099 ⁵
45 2107 168 2185 'uibus
192 2103 434 2207 temporibus
460 2103 596 2181 locum,
610 2094 770 2183 incenit.
789 2112 794 2124 '
816 2116 913 2212 lpse
931 2134 1063 2193 autem

10 2248 13 2261 ·
61 2222 226 2309 modus,
264 2246 344 2322 quo
364 2220 626 2317 Agamemnon
651 2239 690 2296 et
711 2218 884 2319 Chrysen
918 2244 958 2300 et
983 2228 1065 2303 Cal·
1093 2208 1096 2217 ’

10 2380 17 2419 ,s
60 2336 244 2413 chantem
262 2350 424 2421 tractat,
453 2351 493 2407 et
509 2330 572 2408 hic
588 2333 670 2434 ipse¹
692 2357 784 2439 erga
809 2337 1001 2441 principes
1020 2368 1064 2418 eo
1154 2342 1157 2349 ’

63 2451 181 2553 gerit,
214 2445 358 2523 indicio
383 2463 424 2519 et
448 2443 683 2522 documento
710 2456 788 2538 est,
821 2448 919 2525 illud
944 2480 1066 2530 sacer·

64 2560 200 2639 dotum
226 2561 396 2661 regimen
424 2582 448 2632 a
474 2554 828 2659 Schlegelio'fingi,
852 2564 958 2664 quod
983 2582 1066 2640 tan.

62 2671 305 2761 tumbert,
331 2689 377 2745 ut
402 2667 534 2772 aliquo
561 2671 722 2745 Homeri
748 2670 835 2749 loco
862 2674 1067 2774 confirme-

24 2790 152 2878 .·'tur,
186 2803 232 2859 ut
258 2783 387 2885 potius
411 2781 557 2884 ubique
581 2806 717 2882 regum
743 2792 913 2884 potestas
947 2815 1066 2891 appa-

19 2924 29 2983 ζ
62 2917 152 2977 reat
185 2896 307 2969 libera
341 2920 365 2997 a
398 2892 647 2972 sacerdotum
676 2894 848 2972 arbitrio.
908 2904 961 2973 Ex
987 2905 1069 2978 Ari·

24 3000 43 3041 ⁶·
66 3004 207 3087 stotele
225 3005 321 3081 satis
337 3025 471 3081 notum
494 3027 556 3081 est
580 3001 634 3108 (p
663 3032 728 3106 1²5
748 3010 807 3082 ed.
825 3007 980 3111 Sch'n.)‚
1009 3040 1091 3090 re·-.
1162 3075 1167 3084 .

27 3206 32 3213 ¹
62 3147 130 3223 ges
156 3120 306 3222 antiqui
331 3119 436 3194 illius
460 3120 547 3195 nevi
572 3121 691 3194 sacris
709 3140 747 3194 et
763 3118 939 3220 religioni
958 3152 1068 3228 prae·
1185 3168 1188 3175 ·

65 3235 201 3314 fuisse.
237 3238 515 3335 ..ltquessacrn
541 3229 742 3321 facienda,
775 3260 877 3336 quae
899 3233 962 3313 hic
987 3237 1067 3319 illic'

20 3404 30 3419 ,
63 3354 257 3425 Homerus
282 3363 579 3434 commemorat,
619 3371 714 3423 cura
740 3363 779 3422 et
813 3340 1093 3430 arbitriolrc

55 3484 154 3561 ¹gum
178 3479 432 3567 peraguntur.
472 3478 475 3485 ·
601 3454 605 3461 ’
851 3562 856 3569 ἡ
989 3506 995 3515 -

11 3572 28 3589 ’“
139 3580 254 3660 lura,
286 3571 433 3674 quibus
459 3571 653 3675 principes
677 3569 929 3663 fruebantur,
967 3572 1067 3665 baec
1159 3596 1163 3607 ·

48 3703 196 3773 ¹erant:
229 3685 272 3763 in
299 3683 575 3770 concionibus,
602 3709 701 3786 quam
728 3709 947 3777 convocare
970 3686 1070 3764 sole·

54 3796 219 3885 lebant,
245 3798 421 3897 principe
440 3794 532 3871 sede
554 3796 760 3886 honorati,
782 3796 876 3898 quid
898 3801 1072 3877 commu·

60 3911 122 3987 nir
152 3913 325 4014 gentium
362 3899 510 3987 utilitas
529 3928 730 4011 ,posceret
767 3909 818 3991 ad
845 3906 1068 4009 ‚deliberan-

826 4058 850 4127 7
