2588 4560
1016 354 1189 429 ¹9·

52 553 256 635 hominem
279 533 458 648 'cor'p'o're
489 568 586 637 suo,
631 541 737 648 quod
775 560 925 649 partem
961 544 1057 624 facit

58 664 228 747 naturae
248 679 391 742 mente
428 658 614 765 carentis,
656 658 803 760 itaque,
822 681 945 760 ortu,
976 663 1057 739 vita

55 801 96 859 et
120 776 278 855 interitu
304 775 427 850 eidem
452 770 786 851 necessitati'esse
809 771 1056 866 adstrictum,

37 873 174 999 'quam
197 873 327 966 cetera
353 881 544 962 animalia.
594 872 771 960 Libertas
796 880 915 983 igitur
940 906 979 959 et
998 889 1057 963 ar·

52 1000 415 1104 bitriumhnminis,
442 1014 634 1101 quatenus
658 1010 682 1085 a
707 1021 873 1096 corpore
891 1000 1054 1099 pendet,
1112 998 1120 1009 ··
1185 1032 1189 1045 .

52 1145 165 1196 mera
190 1114 415 1202 necessitate
440 1111 671 1219 terminatur
704 1128 744 1183 et
768 1106 886 1186 huius
910 1108 1055 1189 finibus

54 1225 397 1310 Circumscribitut‘:
430 1300 433 1305 Δ
457 1223 608 1298 Deinde
640 1220 778 1297 iatum·
795 1248 884 1298 cum
909 1246 1055 1302 natura
1126 1274 1128 1279 .

56 1342 136 1433 huc
160 1362 362 1417 commune
383 1328 522 1424 'haben
548 1330 660 1440 quoti·
678 1336 785 1411 illius
811 1338 910 1438 leges
928 1364 1053 1442 aeque

59 1481 106 1532 ac
130 1455 254 1557 prima
279 1447 391 1527 liuius
417 1449 609 1551 principia
642 1476 714 1527 nus
744 1450 903 1529 lateant,
951 1456 1055 1549 Nam

54 1568 198 1642 nemini
223 1586 455 1675 eoncessum
480 1560 569 1650 fuit,
596 1561 635 1635 in
663 1565 879 1665 penetralia
906 1588 945 1641 et
965 1568 1055 1642 iuti'·
1144 1654 1146 1659 Ι
1263 1557 1266 1563 ’

54 1686 138 1767 mos
159 1702 336 1776 recessus
361 1694 526 1748 naturae
549 1695 755 1776 penetrare
779 1699 817 1779 et
833 1679 975 1754 Isidem
991 1709 1054 1757 ve·

52 1792 195 1871 lamine
226 1790 397 1881 detracto
423 1788 599 1865 intueri·
625 1785 781 1888 Quodsi·
797 1792 897 1866 enim
918 1793 969 1866 ad
987 1819 1054 1868 na·

53 1925 167 1985 turae
182 1903 322 2002 legum
347 1924 502 1977 caussas
528 1896 770 2001 indagandas
803 1917 869 1978 et
873 1931 1054 2038 perscru-

53 2016 193 2096 tendas
220 2016 407 2091 animum
389 2010 573 2092 adiicias
598 2034 637 2090 et
661 2013 711 2089 ad
738 2038 888 2092 summa
913 2019 1054 2135 princi
1154 2088 1158 2099 .

53 2134 123 2237 pia
147 2127 377 2215 adscendat,
403 2155 528 2232 exque
554 2129 596 2203 iis
624 2124 759 2205 umttes'
784 2150 947 2205 naturae
965 2159 1054 2233 parf

48 2260 123 2320 ‘tes
150 2262 190 2318 et
222 2240 373 2340 singule
406 2268 607 2346 quaeque,
654 2254 784 2345 qua'e
796 2253 1050 2341 generantur,
1080 2303 1106 2336 „
1197 2258 1205 2291 ··

20 2354 231 2449 ,derivare
255 2355 369 2445 velis,
408 2358 534 2431 omnis
560 2356 804 2432 ratiocinatio
830 2358 879 2431 ad
914 2356 1081 2432 ultima'
1174 2379 1179 2391 ·
1241 2362 1250 2375 “

54 2469 182 2546 delata
206 2469 245 2543 in
273 2495 319 2544 eo
345 2472 545 2557 censistit,
571 2483 614 2545 u‘t
639 2463 914 2559 confiteamur,
949 2470 1052 2544 vires

54 2603 96 2659 et
126 2583 225 2682 ,leges
262 2603 425 2656 natutae
457 2579 603 2657 nullam
640 2580 829 2657 abatiam
867 2606 1065 2673 caussam*

13 2688 16 2693 ’
53 2695 111 2770 ita
143 2715 387 2793 comparatas
421 2720 525 2781 esse,
565 2718 682 2797 quarn
707 2695 884 2796 quia‘sic
911 2720 953 2768 se
987 2692 1054 2768 ha·
1149 2736 1152 2741 1

52 2808 160 2879 beat.
208 2805 358 2885 Pariter
383 2831 542 2894 caussa,
568 2832 638 2881 cur
660 2810 769 2897 Deus
794 2807 969 2893 exsistat,
996 2808 1064 2879 in:
1090 2849 1093 2853 ·
1184 2838 1186 2842 ·

13 2974 17 2979 -
54 2913 242 3025 vestigari
267 2935 306 2991 et
320 2914 455 3018 detegi
472 2921 625 3050 nequit,
651 2924 757 2996 Deus
772 2919 871 2993 enim
889 2936 944 2991 est
960 2942 1066 3019 quo·

53 3026 160 3104 'niam
187 3048 266 3119 est,
293 3050 333 3104 et
347 3051 449 3107 recte
474 3034 645 3133 ineptum
664 3032 847 3120 habetur,
872 3044 1052 3106 caussam
1090 3104 1121 3157 ,⁵
1164 3028 1182 3039 ”

53 3158 217 3221 caussae
248 3150 477 3222 caussarum
512 3146 657 3251 quaeri
679 3143 928 3220 ‘'Homini'
919 3162 1051 3245 itaque
1104 3184 1107 3188 ·
1215 3168 1220 3177 ·

54 3252 288 3356 denegatum
316 3277 543 3362 estusque
564 3259 620 3332 ad
647 3277 777 3340 ortum
801 3277 965 3331 naturae
993 3282 1052 3329 ar·
1151 3351 1155 3358 ι

55 3368 334 3471 gumentando
346 3369 548 3471 progredi,
576 3390 614 3444 et
639 3395 719 3473 qua
743 3369 894 3446 ratione
910 3362 958 3441 'e'x
969 3358 1066 3462 iilo·
1153 3364 1155 3368 ⁴

56 3504 213 3566 summo
238 3501 276 3556 et
304 3479 503 3571 absoluto,
524 3503 576 3560 ut
601 3483 754 3573 dicunt,
768 3496 845 3553 re's
872 3459 1051 3575 singulae

44 3592 326 3690 provenerint,
351 3620 465 3670 nemo
483 3592 688 3693 enucleabi
703 3598 743 3668 te'
755 3591 956 3673 tenodabit
972 3593 1052 3677 sic,

54 3722 100 3777 ut
123 3699 230 3778 hunc
250 3708 472 3835 ¹generandi
508 3709 664 3825 moduni
690 3700 905 3804 intelligire
938 3723 975 3777 et
1000 3703 1052 3778 ad
1077 3766 1086 3795 .,

56 3832 201 3891 certam
226 3820 444 3895 notionem
455 3828 640 3896 'revocare
666 3819 875 3921 possimus.
935 3817 1053 3895 Hane

55 3927 160 4003 enim
191 3920 474 4035 quaestionem
496 3930 666 4035 solvere,
706 3933 761 4007 ei
777 3925 1052 4006 tautummodo

791 4055 844 4131 2*
