2588 4560
798 376 800 383 ·
1003 334 1085 412 ὅθ’

44 564 161 627 tuus,
187 530 494 611 administratio
483 531 655 609 rustitiae
679 531 719 607 in
735 533 892 609 Homeri
918 518 1054 612 carmi
1123 598 1130 605 .

51 654 174 738 nibus
212 649 264 723 sit
297 647 523 722 commissa.
574 640 765 777 Quilibet,
796 650 864 758 qui
899 671 1054 750 poetam

35 849 38 853 y
52 756 328 861 tantummodo
355 754 497 832 cursim
525 780 564 833 et
591 758 753 867 strictim
780 752 905 867 legat,
940 760 1055 836 facile

51 875 246 971 intelliget
271 890 310 947 et
335 842 616 947 animadvertet
650 891 688 944 et
712 873 901 948 secundas
928 893 966 947 et
993 868 1058 951 ad·
1085 875 1088 881 '
1156 864 1163 871 ’

51 1014 195 1069 versas
227 1010 286 1058 res
323 1010 402 1057 uon
441 1001 518 1059 tam
556 981 660 1058 illins
704 982 775 1057 fati
811 985 1057 1074 numinibus,

54 1128 177 1209 quarn
212 1100 298 1171 Diis
339 1093 563 1204 auctoribus
598 1092 757 1170 attribui
794 1118 833 1187 et
875 1096 1057 1173 adscribi.
1111 1183 1116 1201 Ι

55 1214 190 1295 Animi
231 1211 346 1283 enim
371 1224 409 1282 et
455 1209 630 1306 corporis
673 1207 850 1301 doteS,
878 1239 900 1286 a
942 1210 1059 1285 nemi·

57 1355 112 1404 ne
148 1330 218 1400 'sua
260 1340 399 1442 sponte
431 1341 475 1394 et
516 1346 589 1419 pro
625 1318 781 1398 lubitu
790 1343 1057 1423 comparatae,

63 1437 131 1516 sed
160 1437 197 1510 io
233 1424 446 1537 quemlibet
478 1450 663 1535 tanquam
702 1434 846 1510 donum
866 1435 1057 1512 ¹collatae:

59 1572 108 1631 ut
129 1542 272 1650 gloria,
309 1546 487 1636 divitiae,
523 1544 711 1635 honores,
742 1544 948 1639 valetud0,
975 1546 1061 1651 pul·

60 1663 236 1751 critudo,
262 1659 472 1755 fortitudo,
502 1658 726 1758 prudentia,
754 1662 915 1762 scientia
941 1662 1061 1737 citha·
1100 1758 1102 1763 Ι

58 1788 105 1854 ra
131 1773 314 1860 canendi,
352 1771 427 1845 hae
458 1770 617 1874 iuquam
653 1767 759 1846 dotes
791 1770 880 1848 ideo
903 1794 939 1859 ‘a
971 1778 1059 1851 Diis

11 1912 15 1919 ·
61 1888 260 1994 profectae
287 1883 535 1972 dicebantur,
577 1886 762 1987 quoniam
787 1882 828 1957 in
854 1884 916 1961 his
944 1882 1060 1966 bonis

62 1997 376 2103 dispertiendis,
399 2023 478 2071 nou
506 2016 584 2073 tam
609 1998 823 2073 necessitas
861 2023 974 2099 quam
1003 2026 1063 2076 ar·

31 2200 34 2205 ,
61 2115 220 2198 bitriutu
247 2112 375 2186 locum
403 2110 585 2185 obtinere¹
604 2110 768 2185 videtur.
802 2112 910 2189 Deus
928 2113 1080 2215 itaque.
1148 2150 1152 2156 ·

66 2226 208 2330 aliquis
240 2244 425 2327 tanquam
463 2246 673 2324 supremus·
695 2222 853 2298 antistes
889 2244 927 2299 et
952 2252 1064 2324 prae·

66 2366 148 2430 ses,
174 2337 272 2429 illis,
306 2365 406 2441 quas
432 2336 677 2423 enumeravi,
702 2336 838 2427 rebus,
864 2340 1065 2440 praeposi·

63 2475 129 2533 tus
152 2472 231 2542 est,
255 2454 308 2525 *iu
334 2478 413 2553 quo
446 2452 555 2552 ipsae
587 2448 785 2548 perfectae
819 2460 858 2524 et
885 2453 1064 2550 omuibus
1137 2530 1139 2535 ,

64 2566 238 2661 numeris
239 2553 474 2639 absolutae
507 2562 806 2662 conspiciuntur
849 2582 888 2636 et
930 2590 953 2637 a
986 2560 1088 2665 quo'
1125 2561 1129 2570 ’

9 2696 31 2785 .’
65 2676 255 2783 quidquid
272 2676 437 2753 harum
427 2702 466 2749 ru
485 2694 623 2748 terram
642 2681 865 2775 permanet,
885 2674 1065 2748 haustum
1104 2770 1109 2787 Ι

67 2811 107 2865 et
132 2788 341 2893 delibatum
370 2806 541 2888 putatur.
598 2782 688 2860 Uun
713 2786 984 2863 tautummodo
1009 2784 1082 2865 lon

69 2927 136 2986 00,
162 2922 262 3001 quae
279 2898 327 2971 ad
354 2898 518 2972 hominis
546 2900 726 3017 naturam
744 2896 963 3037 pertinent,
985 2908 1090 3047 nopi
1128 2901 1130 2905 ’

70 3036 95 3083 a
121 3013 206 3113 Diis
232 3008 299 3085 s‘ed
332 3036 353 3085 a
386 3009 485 3091 fato
494 3009 725 3086 dicuntur
704 3032 809 3117 sata:
846 3000 965 3105 suarii
995 3008 1068 3129 peip

64 3120 188 3243 Melpes
207 3121 446 3222 θυμονθὲσαν
469 3123 678 3251 ot’vSpcdnotct
703 3105 766 3216 (Il.
788 3147 854 3224 24,
873 3130 965 3223 '49..)
1018 3128 1068 3200 At

20 3272 28 3289 ’-
54 3234 152 3312 'nou
180 3237 319 3311 solum
333 3262 400 3326 ea,
427 3232 566 3341 quibus
592 3232 757 3314 bominis
782 3234 969 3338 gaudent,
997 3236 1068 3313 sed

36 3358 46 3425 .’
69 3351 205 3438 etiam,
241 3347 397 3451 xquibus
415 3349 570 3439 dolent,
608 3352 699 3426 Diis
719 3350 1011 3428 effectoribus
1001 3358 1070 3425 tm'·

9 3490 27 3525 ·-
68 3461 322 3564 putabantur
392 3460 560 3538 Praeter
577 3462 653 3538 alia
688 3462 795 3552 loca,¹
833 3467 934 3575 quae
967 3462 1070 3536 iufra

69 3573 266 3670 excitabo,
291 3579 411 3663 nunni
440 3597 479 3650 et
504 3574 660 3680 quidem
686 3577 781 3654 satis
796 3576 996 3678 insignem
1021 3598 1069 3648 ex

8 3724 12 3781 3
59 3688 263 3787 ‘Odyssea
279 3689 479 3784 (207201)
506 3688 687 3764 afferam:
739 3688 743 3693 ’
786 3702 789 3709 ·

20 3888 24 3897 ,
127 3824 189 3897 Ζεῦ
211 3812 343 3932 πάτερ,
366 3816 449 3906 οὔτις
467 3850 531 3899 etto
504 3817 675 3902 θεῶν’
659 3809 828 3935 obttlrtgoc
846 3809 979 3909 siblios!
1076 3790 1088 3849 '¹

832 4007 852 4084 3
971 4046 976 4059 ,
