2588 4560
1095 344 1236 419 27·

139 541 261 652 ‚Quod
287 542 420 644 itaque
447 534 646 631 ,interdurn
681 529 840 643 accidit,
878 533 1069 631 uriarum
1096 536 1145 615 de

128 646 300 735 natura
315 680 388 732 sua
413 650 586 727 discedat
611 669 650 724 et
674 647 908 724 necessitatis
925 651 999 750 viru
1029 649 1146 754 depo.-

143 750 243 861 ¹nat,¹
271 768 310 843 id
337 793 415 856 non
444 763 555 843 aliter
572 752 683 838 iusto
719 756 862 837 iudicio
886 765 1037 865 censeri
1063 784 1149 866 pot.

144 904 229 974 est,
278 907 396 985 quarn
435 879 466 955 si
499 872 671 979 poeseos
711 870 866 951 indoles
900 876 1149 983 respiciatur.

124 1005 431 1097 >Praeterquam
450 990 568 1076 enirn,
594 985 698 1093 quod
720 986 760 1060 in
786 983 879 1062 locis
907 986 1032 1062 allatis
1050 987 1147 1064 rnul-

112 1198 116 1209 .
149 1131 193 1187 ta
218 1136 263 1185 ex
291 1102 505 1207 hyperbole
533 1101 635 1176 dicta
670 1094 1010 1196 esse'virleantnn
1047 1104 1147 1201 cogi·
1211 1144 1213 1151 .

147 1220 309 1300 tondum
345 1236 392 1295 et¹
418 1215 740 1294 considerandum
772 1232 850 1305 est,
887 1239 960 1291 neo
984 1211 1146 1316 phanta-

131 1337 240 1411 siam
256 1334 327 1420 ali,
349 1357 423 1407 nec
442 1328 765 1432 exspectationem
784 1327 968 1403 lectorum
990 1332 1148 1407 excitari

152 1436 292 1552 posse,
316 1447 346 1520 si
372 1447 412 1520 io
439 1442 482 1518 iis
500 1443 760 1533 “enarrandi3,
786 1441 1026 1546 quac-iatum
1043 1469 1151 1521 cans«

152 1588 237 1637 sam
264 1559 430 1644 habent,
459 1555 552 1630 nihil
577 1550 705 1641 aliud,
741 1555 812 1631 nisi
840 1558 913 1632 hoc
938 1559 1067 1658 ipsum
1093 1559 1163 1632 in:

151 1674 330 1750 ducatur.
372 1675 504 1775 Quare
521 1685 638 1770 poeta
653 1666 693 1740 iu
710 1662 969 1776 descriptione
984 1695 1148 1748 casuum
1266 1682 1271 1692 “

151 1807 193 1865 et
217 1805 448 1874 eventuum,
473 1776 670 1886 quassati
696 1800 807 1871 sunt,
835 1783 888 1855 ita
916 1782 1063 1858 versari
1089 1781 1152 1858 de·-

150 1901 238 1989 bet,
276 1897 469 2003 olfatum
494 1892 786 2005 quodammodo>
809 1891 920 1970 tollat
952 1915 993 1970 et
1018 1899 1151 1998 specio
1208 1938 1210 1942 ·

152 2010 304 2091 arbitrii
329 2031 368 2087 et
392 2008 582 2085 libertatis
614 2006 745 2110 capiat
768 2007 956 2089 lectorum
984 2013 1151 2102 animos,

111 2174 117 2187 -
153 2123 351 2230 quomodo
384 2109 448 2198 res
483 2118 860 2204 evadatsc'uriosos
894 2141 938 2196 et
966 2122 1151 2202 sollicitos

155 2256 368 2338 eorumque
392 2233 527 2311 ‘studia
560 2233 676 2309 rebus
702 2235 836 2335 gestis,
872 2237 1152 2338 cpnaotradan·
1237 2290 1240 2295 -

151 2360 240 2446 tur,
278 2349 523 2428 conciliaret
548 2345 662 2449 quasi
695 2347 892 2448 adiungat.
956 2355 1152 2429 Homerus

154 2471 273 2571 igitur
294 2452 356 2541 ¹de
383 2482 514 2542 morte
548 2457 781 2560 Sarpedonis
813 2480 855 2538 ‘et
886 2467 1068 2540 Hectoris
1097 2474 1154 2541 lo·

158 2607 247 2659 vem
273 2578 373 2654 lacit
391 2574 692 2666 deliberantem,
716 2575 808 2653 lieet
828 2602 963 2665 eorum
978 2579 1154 2655 interitus
1195 2619 1199 2641 i
1247 2584 1249 2589 ‘

158 2721 182 2769 a
208 2691 290 2767 fato
316 2709 420 2767 esset
445 2686 674 2785 destinatus.
712 2687 864 2765 *Eodem
882 2689 1000 2781 niodo
1023 2689 1154 2788 Ulyssi

158 2832 182 2880 a
208 2800 379 2903 Calypso
406 2819 445 2876 et
463 2798 644 2891 Minerva
669 2799 892 2877 discrimina
920 2821 957 2876 et
974 2802 1072 2879 nrala
1091 2831 1156 2905 pe·
1236 2830 1258 2888 '.

121 2932 124 2939 '
158 2912 434 3011 regrinationis
460 2908 575 3004 suae,'
597 2933 782 3015 tanquam
807 2909 879 2990 lati
902 2915 1020 3003 scita,
1047 2944 1156 3018 prae·
1266 2952 1269 2957 ·

160 3017 365 3117 dicuntur,
402 3025 470 3103 sed
501 3054 590 3103 curn
625 3026 841 3104 adsseorutn
877 3028 1174 3130 expositionem]

159 3162 315 3217 narnien
341 3137 586 3231 devolvitur²
623 3164 701 3216 non
729 3130 781 3214 ex‘
807 3138 892 3242 lege
916 3143 1157 3218 necessitatis
1271 3224 1273 3229 ,

159 3269 252 3327 ante
278 3254 515 3342 constituta,
542 3243 618 3328 sed‘
639 3278 686 3327 ex
710 3254 908 3355 praesenti
933 3279 1061 3330 rernm
1083 3276 1157 3332 sta·

158 3368 359 3451 tuenssci
394 3366 611 3443 videntur.‘
645 3372 704 3442 lta
736 3367 798 3457 lex
832 3392 992 3470 poeseos
1023 3366 1158 3446 illaesa

159 3497 356 3582 seruatur,
394 3504 497 3582 qnae
521 3470 775 3556 vinculorum
802 3481 1002 3582 impatiens
1027 3483 1161 3557 omnis
1238 3574 1245 3589 t

160 3615 207 3673 ea
232 3591 384 3693 respuit
409 3612 448 3667 et
466 3614 721 3694 aspernatur,
745 3591 887 3698 quibus
906 3620 1003 3673 nsns
1019 3595 1161 3672 virium

160 3701 420 3780 humanarum
446 3733 525 3781 non
554 3706 682 3783 solum
710 3705 938 3807 impeditur,
964 3706 1031 3783 sed
1057 3704 1161 3808 peni·
1260 3702 1262 3713 '

160 3835 225 3893 tus
250 3814 402 3892 tollitur
410 3839 423 3909 3
448 3818 509 3894 his
527 3820 626 3896 eninr
652 3817 842 3898 obscurae
867 3820 1026 3923 regulae
1045 3819 1162 3922 illiga·

163 3929 219 4021 tis
237 3929 365 4010 omnis
391 3932 524 4035 poesis
553 3931 768 4011 tolleretur.
