2588 4560
110 341 272 464 'ts

229 592 405 691 Quorum
430 608 555 661 mores
578 578 630 657 nd
655 577 937 657 humanitatem
959 580 1081 683 mapa
1101 568 1235 661 excul-

230 703 280 789 ti,
306 723 422 804 quant
447 698 473 772 ii
500 700 738 772 Graecorum
764 690 1235 785 describuntur,o“,roia·

173 845 180 855 ·
229 838 370 891 norum
404 808 574 885 vividior
606 808 646 881 in
681 806 846 909 petriam
881 832 990 883 amor
1014 808 1124 885 illum
1151 812 1267 895 ani,

184 1002 197 1031 ἱ
230 950 383 1001 morum
419 945 658 998 consensum
685 920 833 1019 arguit,
869 918 936 1021 qni
962 918 1242 1019 tantummodo,

203 1038 273 1113 'in
299 1036 480 1121 civitate,
519 1033 705 1133 religione
730 1049 770 1105 et
792 1029 943 1131 legibus
969 1030 1143 1123 firmate,
1185 1031 1236 1117 ci·
1279 1100 1281 1121 ,

233 1175 303 1227 ves
328 1145 512 1248 colligare
537 1164 684 1249 potest.
732 1147 863 1220 Huius
879 1145 919 1220 in
945 1147 1112 1248 patria‘m
1130 1170 1236 1221 emo·
1278 1210 1282 1233 ,

152 1273 159 1280 ’
231 1263 287 1341 ris
321 1286 478 1337 sensum
508 1255 683 1333 declarat
714 1260 863 1334 Hector
895 1266 987 1359 (15,
1010 1261 1128 1355 496),
1165 1256 1235 1361 qui
1278 1256 1282 1277 '

233 1376 357 1451 civem
389 1370 524 1447 decere
550 1371 623 1457 ait,
662 1395 735 1472 pro
763 1372 890 1471 patria
923 1391 1085 1447 mortem
1118 1367 1236 1471 obpe·

82 1568 86 1575 ⁴
187 1488 210 1567 's
234 1474 341 1573 tere,
368 1484 430 1583 egi
456 1486 557 1559 enim
583 1481 687 1558 bello
712 1481 873 1560 salutem
902 1507 1065 1561 uxorum
1090 1480 1238 1559 etlibe·
1268 1536 1274 1547 ·

234 1623 368 1674 rorum
397 1617 435 1671 at
467 1622 515 1671 ne
542 1594 846 1673 incolumitatem
868 1594 1064 1674 bonorum
1084 1615 1126 1673 et
1150 1624 1239 1701 pos·
1265 1650 1268 1657 ·

234 1710 417 1787 sessione
462 1706 758 1806 ·0f·12›2ta=

293 1822 336 1913 tle
353 1826 455 1913 οἰωνὸς
472 1822 628 1931 ἄριστος,
654 1822 860 1925 alperto-ier
879 1822 953 1935 περὶ
969 1818 1112 1929 πέτρης.

236 1957 349 2057 Quae
383 1949 575 2027 elementa
608 1950 808 2025 societatis
844 1949 965 2026 civilis
1001 1948 1145 2025 Graeci
1172 1936 1240 2051 pn·

236 2067 429 2153 taverint,
477 2089 524 2137 ex
557 2058 821 2163 'descriptione
859 2061 1072 2163 Cyclopum
1107 2082 1243 2163 patet,

199 2255 208 2263 ,
239 2180 307 2283 qui
333 2177 477 2265 rudes,
506 2201 665 2257 urorum¹
683 2196 848 2273 agrestes
860 2231 879 2263 ,.
908 2175 970 2249 vix
996 2174 1176 2251 umbram
1204 2196 1246 2254 et

239 2294 406 2393 speciem
451 2287 619 2389 aliquem
664 2288 826 2364 rationis
867 2305 906 2362 et
939 2284 1244 2387 intelligentiae,

240 2429 343 2508 quae
369 2422 459 2481 sunt
484 2400 596 2505 quasi
624 2403 790 2475 nunciae
815 2399 1008 2495 dignitatis
1024 2396 1250 2495 humanae,·

138 2598 141 2603 ,
239 2519 322 2594 vita
356 2537 397 2591 et
428 2514 541 2601 lactis
576 2513 656 2587 suis
681 2511 866 2587 referunt.
905 2510 1259 2611 uguentorum,

240 2655 343 2733 quae
366 2629 479 2701 initia
496 2625 701 2733 ¹societetis
725 2622 850 2699 civilis
884 2643 923 2700 et
948 2625 985 2695 in
1014 2629 1237 2717 universum

159 2810 164 2817 .
238 2741 490 2819 humanitatis
521 2758 625 2815 recte
659 2737 824 2824 dixeris,
864 2763 937 2811 nec
963 2740 1135 2829 norunt,
1165 2762 1245 2821 nee

240 2852 521 2955 curant,‚satis
545 2851 618 2926 sibi
643 2850 849 2934 habentes,
876 2868 1051 2925 armenta
1068 2874 1246 2951 pascere.

240 2966 351 3047 Nihil
377 2965 421 3038 iis
445 2991 658 3047 commune,
675 2984 752 3055 est,
776 2962 846 3037 sed
873 2963 1021 3064 absque
1047 2965 1249 3041 concioni·
1281 3026 1285 3035 .

241 3079 317 3179 hus
342 3098 379 3152 et
404 3076 549 3175 legibus
576 3076 651 3153 sihi
678 3075 771 3153 solis
798 3077 937 3150 vivunt
969 3076 1008 3149 in
1035 3078 1249 3151 cacumini·

241 3180 551 3283 bus'rnootium.
589 3190 763 3288 singulus
776 3208 917 3265 ‚antem
954 3186 1117 3292 quisque
1143 3190 1247 3279 suis,

243 3307 357 3380 uxori
374 3324 415 3379 et
439 3303 537 3379 natis
562 3302 648 3377 iura
665 3302 893 3391 constituit,
918 3321 1148 3403 ceterosque
1165 3326 1245 3378 non

243 3436 368 3493 curet.
419 3418 575 3490 Praeter
592 3412 791 3516 speculas,
817 3438 911 3515 quas
936 3409 1136 3500 incolunt,
1162 3410 1250 3491 nul·.

241 3528 283 3604 la
309 3527 482 3606 aedificia
510 3526 687 3621 habent,
709 3552 782 3602 nec
808 3526 947 3611 urbes,
983 3548 1052 3609 nec
1077 3522 1245 3627 temple,

243 3668 317 3719 nec
341 3642 485 3717 domos.
539 3637 633 3713 Inde
650 3656 829 3739 apertum
845 3656 922 3726 est,
946 3663 992 3711 ex
1008 3640 1246 3721 Graecorum

244 3754 441 3831 sententie
474 3753 640 3828 civitatis
673 3749 844 3829 indolem
877 3746 1056 3851 conspici
1089 3747 1130 3821 in
1155 3748 1248 3826 oon·

242 3867 443 3943 iunctione
469 3884 509 3942 et
532 3868 714 3965 societate
741 3863 911 3967 plurium
938 3858 1109 3936 eiusdem
1135 3861 1250 3965 origi·

242 3979 305 4059 nis
328 3975 585 4070 familiarum,
610 3992 712 4087 qnae
736 3979 778 4055 in
801 3976 1014 4057 conciones
1040 3998 1250 4081 congrege·
