2588 4560
65 260 90 427 ,1
156 293 226 401 ns

155 475 363 568 admodum
398 506 559 607 cuncta,
594 504 696 593 quae
730 490 874 567 mundo
907 497 1188 593 continerenff

50 628 56 642 ·
155 624 242 695 tur,
267 624 394 682 certae
420 628 579 682 normae
603 601 829 679 subiectum.
889 609 1019 707 Quare
1047 603 1158 712 qnae

41 715 47 723 ’
153 722 276 823 priori
301 719 391 794 luco
410 697 645 816 proponitur
657 734 870 806 sententia,
894 723 1032 796 Parcas
1050 729 1161 800 Deo·

5 840 8 847 “
61 904 64 909 ,
154 854 243 910 rum
269 848 430 953 peccata
453 827 648 931 persequi
672 847 710 902 et
735 827 950 920 vindicare,
987 832 1061 910 hoc
1088 863 1159 947 pp·

156 927 310 1036 steriori
336 970 414 1020 non
440 943 601 1043 legitur,
626 942 771 1073 quippe
790 945 895 1020 Iovis
918 944 1021 1021 filiae
1037 968 1156 1046 patre

153 1061 372 1162 superiores
397 1066 479 1130 esse'
506 1077 584 1128 nou
600 1057 802 1156 possint.
795 1061 1002 1153 Saturnus
1018 1078 1155 1135 autem

152 1170 236 1251 fato
253 1168 441 1245 obnoxius
455 1165 694 1269 perhibetur.
720 1194 755 1242 v.
771 1177 844 1264 464
862 1187 900 1242 et
919 1195 1002 1269 475.
1036 1179 1156 1249 Utra-

154 1310 232 1387 que
257 1287 464 1373 Parcarum
493 1280 723 1380 descriptio,
751 1282 785 1354 si
803 1309 825 1355 a
841 1281 1063 1359 diversitate
1083 1285 1157 1370 illa

57 1418 60 1433 ⁸
95 1440 98 1451 ·
145 1397 279 1472 'fusius
298 1393 490 1494 explicata
505 1392 749 1482 discesseris,
776 1392 850 1470 hoc
865 1412 1076 1475 commune
1087 1399 1157 1475 ha·

154 1511 237 1599 bet,
275 1504 381 1612 quod
407 1505 473 1580 illa
499 1506 661 1583 numina
685 1507 854 1583 iustitiae
886 1507 1058 1612 partibus
1086 1511 1154 1586 ad·

70 1722 73 1731 ¹
153 1638 435 1698 numerantur.
478 1623 581 1696 Nam
615 1617 796 1698 versibus
823 1643 897 1697 220
915 1649 998 1726 sqq
1005 1626 1150 1769 poeta
1197 1649 1199 1661 ·

83 1768 85 1775 ·
151 1739 294 1811 Parcas
318 1733 373 1808 ita
398 1732 523 1806 canit:

84 1960 86 1975 ,
120 1880 124 1884 ’
210 1887 269 1960 alr
270 1877 419 1994 ’ἀνδρῶν
436 1913 471 1959 rt
488 1878 579 1962 deur
595 1870 911 2013 tsncpmssdntqc
901 1881 964 1997 εφέ
965 1902 1101 1961 roncas
1165 1880 1168 1885 ¹

211 2006 371 2118 οὐδέποτε
387 2003 533 2109 λέγουσι
550 2009 633 2090 θεαὶ
649 2001 753 2089 lusoir
767 2004 885 2160 χὸλῗὶο

211 2139 339 2253 nqity’
352 2138 425 2215 tino
440 2171 491 2242 τῳ
475 2133 621 2217 doinst
636 2168 744 2233 contr
763 2135 838 2239 ints
852 2132 939 2220 dene
957 2124 1115 2249 dpdprp,
1137 2171 1142 2186 ·

128 2360 129 2367 ,
152 2288 304 2372 Pariter
328 2281 453 2379 altero
476 2291 564 2366 loco
580 2298 741 2379 Parcae,
768 2292 1155 2392 utpotequaeiusri.

52 2447 55 2451 ·
151 2411 252 2495 tiae,
278 2404 495 2506 aequitatis
510 2425 549 2477 et
572 2405 676 2505 pacis
704 2428 858 2481 sorores
880 2403 1086 2508 feruntur,
1109 2407 1153 2484 vi

154 2547 229 2600 sua
261 2539 299 2594 et
332 2535 530 2619 potestate
560 2518 696 2593 nullae
727 2516 827 2592 aliae
848 2538 937 2591 esse
962 2534 1150 2614 possunt,

150 2634 227 2710 nisi
243 2631 368 2706 sociae
387 2647 426 2703 et
441 2623 674 2708 adiutrices
664 2618 848 2713 iustitiae,
897 2631 1030 2732 Quare
1037 2626 1152 2702 Wol

53 2791 56 2795 ·
149 2745 226 2822 lius
260 2745 428 2846 priorem
461 2738 590 2818 locum
625 2761 767 2818 temere
787 2740 889 2816 ideo
922 2760 1151 2841 suspectum

143 2859 287 2944 'habet,
312 2853 418 2958 quod
436 2879 629 2968 nusquam
647 2854 730 2930 de
721 2851 888 2930 iustitiae
906 2852 1153 2929 administra·

26 2979 30 2987 “
147 2973 274 3059 tione,
303 2969 430 3042 Parcis
452 2971 679 3059 commissa,
704 2968 915 3070 quidquam
938 2960 1152 3042 memoriae

148 3082 398 3186 prodaturc
377 3081 425 3156 ci
447 3080 633 3157 Heinrich
660 3082 709 3156 ad
736 3104 834 3160 scut
862 3085 977 3160 Herc
1004 3103 1039 3180 p
1065 3093 1150 3177 184.

46 3187 51 3197 ’
148 3197 272 3295 igitur
296 3191 367 3269 lati
390 3191 544 3268 indoles
583 3193 634 3268 ab
656 3193 834 3281 Hesiodov
864 3215 1042 3293 expressa
1068 3217 1167 3266 mas

148 3309 229 3407 gis,
247 3328 364 3409 quam
382 3306 596 3391 erratione
614 3310 827 3384 carminum
846 3305 1150 3400 Homericorum

68 3418 86 3458 ·’
145 3434 331 3494 revocata
356 3438 412 3492 est
439 3417 491 3490 ad·
514 3417 727 3493 morumet
745 3419 894 3494 virtutis
920 3435 1147 3518 praecepta,

146 3522 513 3629 &urumnereulis
538 3531 676 3606 merito
711 3531 760 3606 ab
785 3530 964 3607 Hesiodo
992 3524 1149 3601 ahiu'di-
1177 3527 1183 3551 '

145 3653 276 3720 catum
306 3667 419 3720 versu
448 3657 518 3729 288
543 3670 627 3746 sqq
665 3644 948 3748 (quiquidem
959 3666 1094 3719 versus
1120 3665 1147 3715 a

21 3788 33 3801 ¹·
143 3757 379 3858 quibusdam
417 3757 506 3830 viris
539 3754 658 3831 doctis
683 3759 807 3843 serius
831 3756 997 3835 obtrusi
1005 3773 1147 3854 putan

23 3978 27 3988 ‚
143 3876 235 3964 tur)
266 3869 336 3947 illa
369 3871 530 3999 nurnine
562 3889 752 4002 tanquam
782 3869 941 3951 lethalia
965 3863 1153 3999 exhibet,

453 4180 461 4201 's
484 4196 494 4226 Ι
592 4218 596 4224 .
674 4234 677 4243 Ι
