2588 4560
178 499 340 577 nitatem
360 460 400 587 et
421 448 541 576 bona
551 486 631 575 illa
646 492 879 593 conterret,
885 520 989 613 quae
1005 500 1238 614 supellert

170 633 223 691 et
246 615 549 692 instrumentum
582 610 687 688 vitae
721 609 830 687 lente
855 629 895 688 et
917 586 1021 691 laete
1046 615 1185 723 degen·

104 756 110 763 ·
175 725 257 813 ‚dae
281 729 499 831 putantur.
540 721 688 830 Quodsi
711 721 860 801 faceret
883 727 1021 817 Deus,
1040 727 1187 831 neqni-

134 902 137 909 .
172 843 260 921 ,tine
278 854 324 916 et
348 837 535 942 pravitati
561 862 712 927 merum
736 834 975 938 patrocinari
992 858 1032 916 et
1048 840 1187 917 sn'mu·

135 1017 138 1021 -
180 955 268 1045 lum
296 951 462 1041 addere,
493 949 671 1061 hprnines
697 968 827 1027 eutem
854 975 878 1026 a
902 949 1023 1053 lege'
1012 953 1225 1029 rustitiae

182 1060 376 1147 servanda
396 1086 582 1153 avocare,
606 1064 712 1165 quin
715 1061 935 1155 Qdetsrrere
961 1086 1001 1142 et
1022 1066 1078 1141 ita
1095 1091 1186 1167 earp

130 1173 197 1261 Ῑὶ
182 1206 320 1287 psam
334 1179 485 1255 irritant
508 1174 639 1264 facere
664 1160 871 1257 videretur.
938 1183 1047 1280 Quae
1072 1204 1188 1279 argu·

52 1298 56 1310 '
182 1293 397 1405 mentatio,
428 1289 603 1419 quentvis
627 1313 670 1365 se
694 1310 843 1391 spnnte
856 1264 1019 1396 offerat,
1052 1311 1186 1368 tamen

108 1396 142 1433 ¹·
184 1406 275 1497 illa,
299 1430 418 1512 quam
437 1372 814 1494 iustamhabemu's,
841 1406 1128 1506 exspectatione
1145 1423 1187 1482 et

149 1519 258 1624 'ts'pe
281 1515 497 1604 fallimur,
494 1514 680 1647 quippe,
701 1510 820 1644 'qued
844 1514 950 1593 haud
973 1543 1063 1594 raro
1087 1516 1187 1593 a'cei·

186 1632 265 1722 dit,
302 1649 349 1708 ut
371 1616 520 1704 nefasti
545 1645 586 1702 et
618 1627 732 1729 impii
761 1628 911 1719 salute,
915 1628 1206 1727 ιιιιιιοιιιιιιι,Ι

185 1743 326 1849 opibus
358 1761 398 1818 et
426 1739 551 1843 omni
564 1724 801 1817 laetitiarum
835 1768 975 1844 genere
1000 1743 1188 1837 effluent,

187 1876 229 1935 at
253 1855 410 1934 boniet
433 1834 549 1956 probi
573 1854 752 1933 omnibus
776 1853 841 1932 his
862 1878 1032 1935 careant.
1220 1924 1226 1965 ;

164 2036 168 2045 .
260 1967 425 2073 Quum
415 1986 548 2071 ttaque
571 1956 652 2044 noir
671 1969 705 2044 is
722 1994 855 2048 rerum
869 1990 989 2079 status
1007 1950 1188 2065 exsistat,

137 2108 139 2114 ⁴
185 2085 256 2189 qui
280 2098 435 2162 murum
458 2080 673 2181 integritati
686 2083 932 2185 respoudeat
946 2072 985 2167 et
1000 2113 1078 2162 non
1097 2112 1189 2187 pro·

148 2193 162 2258 ἕ
186 2197 393 2276 curatione
414 2211 453 2268 et
467 2191 716 2322 providentia
731 2196 853 2272 Dei
822 2223 976 2274 ornnem
995 2197 1189 2279 muntium

187 2298 332 2394 altiori
344 2306 577 2384 necessitate
599 2296 799 2425 regentis,
797 2309 880 2391 sed
899 2337 1005 2388 mero
1024 2309 1188 2391 arbitrio
1214 2326 1218 2339 '

47 2418 50 2425 ’
133 2483 136 2487 ι
188 2441 230 2501 et
254 2446 368 2510 casu,
395 2437 440 2494 ut
464 2411 640 2512 dicunt,
644 2446 761 2497 caeco
787 2442 827 2499 et
852 2425 1007 2508 excordi
1031 2450 1090 2500 res
1116 2425 1189 2502 hu·

160 2559 329 2621 umanae
362 2518 627 2619 administrari
653 2532 899 2668 videantur,
915 2538 1025 2619 vario
1053 2534 1185 2615 studio

185 2638 364 2729 honriues
389 2624 563 2727 ιιιιιιιιιιιιι
586 2668 842 2733 exercuerunt
863 2650 904 2726 in
924 2649 1187 2781 discrepantia

120 2776 126 2796 '
187 2761 256 2838 illa
282 2780 322 2837 et
345 2761 603 2862 repugnantia
627 2758 799 2837 tollenda
822 2788 869 2840 ae
884 2790 973 2843 cum
993 2763 1188 2869 sapientia

141 2894 144 2901 '
186 2873 265 2951 Dei
289 2869 559 2963 concilianda,
594 2897 645 2948 ne
668 2872 860 2979 alioquin
870 2876 1051 2956 turbatus
1078 2897 1189 2985 ptr-te

187 2990 256 3065 ttir
287 2980 523 3065 admirabilis
555 2983 623 3062 iile
647 2989 867 3066 consensus
892 3008 933 3069 et
956 3010 1189 3083 concentus,

186 3100 231 3177 in
268 3125 368 3204 quo
384 3124 519 3175 omnes
552 3116 717 3178 naturae
740 3119 869 3203 partes
894 3107 1123 3205 conspirant
1146 3124 1190 3182 et

22 3222 26 3237 ’
69 3240 72 3251 ’
187 3212 291 3291 inter
321 3240 360 3287 se
394 3214 647 3302 conveniunt
693 3213 823 3289 Alii
812 3233 945 3315 itaque
978 3218 1189 3339 partimin
1232 3277 1234 3281 .

135 3336 148 3428 j
187 3325 352 3405 arbitrio
376 3345 417 3403 et
439 3325 596 3403 licentia
621 3323 779 3426 agendi,
803 3352 923 3428 quarn
942 3325 1057 3405 nobis
1080 3314 1188 3403 D'eus

187 3439 403 3531 concessit,
440 3432 600 3566 partini
615 3437 657 3515 in
690 3436 776 3536 lege
809 3437 1070 3527 necessitatis,
1106 3463 1188 3540 qua

115 3624 117 3629 .
187 3572 332 3629 natura
356 3551 497 3665 mentis
531 3574 665 3651 expers
688 3549 857 3649 regitur,
887 3551 1088 3636 rationem
1107 3545 1188 3622 sibi

186 3666 388 3766 invenisse
412 3636 614 3752 videntur,
638 3680 717 3768 qua
739 3661 828 3754 ille,
865 3680 911 3738 ut
933 3660 1033 3738 falso
1057 3658 1189 3738 crede·

102 3808 105 3815 ’
188 3797 321 3865 retur,
352 3774 480 3851 Deia
513 3802 554 3851 se
585 3776 673 3878 ipso
708 3773 899 3854 discessus
932 3777 1117 3876 componi
1149 3793 1189 3850 et

189 3887 385 4001 quidquid
408 3885 628 3969 offensionis
659 3895 700 3967 et
723 3888 904 3970 maculae
926 3887 1091 3980 habeat,
1123 3885 1189 3967 de·
