2588 4560
1122 284 1167 394 23

160 508 224 603 ll.)
252 511 345 597 ait„
355 513 459 598 Deos
476 505 607 583 omnia
622 516 760 608 posse,
787 531 866 586 non
885 514 1167 612 repugnantiae
1238 518 1248 571 ἶ

162 620 428 709 accusandus,
467 616 575 723 quod
610 621 687 695 alio
710 620 799 705 loco
823 623 971 701 innuit.
1008 646 1048 699 et
1079 651 1166 703 csse

161 734 378 836 quaedam,
420 757 522 834 quae
555 759 582 819 a·
611 735 706 806 Diis·
736 737 833 832 ipsis
869 738 1064 825 immutari-
1097 763 1166 812 ne·

160 864 329 957 queant,
354 865 393 919 et
407 851 583 933 Deorum
601 845 838 923 volontatem
858 847 1055 923 hominum
1075 876 1164 925 ccu-

159 959 306 1037 stantia
340 971 380 1031 et
405 959 548 1033 virtute
574 963 745 1058 perverti
780 979 818 1034 et
853 961 1011 1060 infringi
1038 988 1163 1062 posse.

160 1073 236 1167 (cf.
257 1071 301 1146 ll.
329 1095 390 1164 17,
417 1079 488 1161 326
506 1097 588 1173 sqq.
615 1090 655 1147 et
669 1076 808 1170 Heyne
826 1071 875 1146 ad
895 1072 932 1146 h.
950 1073 993 1169 l.)
1043 1077 1162 1161 Dein·
1263 1113 1269 1130 ·

162 1184 213 1261 de
230 1181 529 1273 attendendum,
552 1186 637 1286 quis
654 1204 692 1261 et
706 1185 967 1285 qno'consilio
990 1190 1022 1263 is
1043 1210 1162 1290 atque

128 1342 134 1349 -
164 1323 244 1400 qno
270 1295 386 1381 animi
413 1316 519 1371 motu
543 1299 778 1371 sententiam
801 1298 971 1400 aliquam
984 1300 1163 1401 'proferat
1240 1392 1244 1398 Ι

166 1409 324 1486 de-Diis
361 1429 584 1511 eorumque.
608 1429 759 1493 natura.
819 1408 971 1487 Etenim
1007 1410 1162 1510 deuna
1206 1470 1211 1485 .

110 1530 114 1537 '
142 1521 376 1624 ,eademqne
400 1547 545 1596 renen
571 1542 740 1621 possunt
765 1550 851 1610 non
870 1524 1014 1605 diversi
1040 1525 1164 1599 homi-
1200 1534 1203 1539 '

159 1661 233 1711 nes
267 1632 425 1725 diversis
448 1635 625 1732 'ingeniis
656 1635 883 1711 et·.diverso
910 1638 1028 1721 animi
1051 1657 1160 1727 ,stetu
1279 1636 1281 1641 ’

158 1749 202 1823 in
235 1740 413 1823 diversas
443 1750 651 1822 sententias
688 1746 900 1824 discedere.
961 1752 1024 1828 Sic
1058 1748 1161 1823 male
1265 1761 1269 1769 '

159 1886 364 1965 perpessus
389 1881 461 1935 ant
485 1859 551 1962 qui
573 1858 669 1945 alios
696 1859 979 1939 calamitatibus
1004 1862 1162 1962 obpres·
1228 1936 1231 1947 ,
1272 1944 1278 1956 ¹

159 2001 224 2050 sos
258 1973 382 2074 videt,
428 1973 514 2046 Diis
545 1971 746 2050 hominum
782 1975 987 2075 perniciem
1024 1999 1160 2074 expro

158 2086 248 2162 brat
272 2084 463 2188 illosque,
487 2085 610 2159 omnis
635 2086 875 2187 infelicitatis
901 2107 1079 2165 auctores
1102 2088 1159 2159 in·
1232 2128 1237 2134 -

159 2221 297 2286 cusat,
329 2197 377 2274 ¹at
402 2197 501 2273 alius
528 2197 639 2273 bonis
672 2201 774 2275 vitae
804 2198 978 2300 gaudens
1011 2203 1050 2273 ic
1076 2199 1157 2273 lau·
1272 2196 1275 2201 ’

161 2315 230 2389 des
261 2313 631 2388 Deorum·excurrit
655 2340 802 2416 eosque
828 2335 872 2390 ut
894 2314 1088 2419 bonorum
1115 2331 1179 2384 et=

160 2427 405 2526 voluptatum
439 2423 590 2517 datores
624 2426 807 2510 celebrat.
877 2432 964 2502 Hac
1004 2425 1157 2499 ratione

158 2540 268 2615 locus
293 2541 331 2612 in
358 2536 486 2612 Iliade*
504 2542 569 2634 (9,
591 2547 703 2634 496),
730 2567 809 2641 quo
835 2539 1006 2619 Phoenix
1029 2536 1161 2642 Achil:

160 2654 207 2743 lis
232 2653 327 2726 iram
351 2650 768 2752 sedaturus‘enmque,
795 2671 942 2725 utcum
960 2663 1161 2748 Agamem-1

161 2788 263 2864 none
297 2764 533 2859 ingratiam
566 2762 722 2851 redeat,
759 2783 1040 2850 commoturus,
1075 2786 1156 2839 inc*

162 2891 247 2961 net,
272 2873 501 2972 ipsos-Deos
523 2898 609 2949 esse
630 2873 847 2949 tractabiles
873 2893 910 2947 et
928 2869 1156 2973 placabiles,

159 2984 362 3071 conciliari
388 2985 504 3073 debet
527 3012 613 3067 curn
641 2985 718 3062 alio
732 2986 823 3064 loco
840 2989 879 3061 in
900 2986 1073 3084 Odyssea
1090 2989 1156 3084 (3,

164 3106 267 3196 147),
306 3126 385 3202 quo
412 3102 591 3174 Deorum·
611 3101 782 3175 animum
807 3100 910 3177 flecti
936 3124 1013 3173 non
1040 3122 1155 3199 posse

123 3288 130 3297 ,
159 3216 363 3287 aNestore
387 3209 645 3319 contenditur.
694 3212 893 3289 Phoenicis
918 3213 1019 3287 enim
1039 3213 1155 3306 inter·
1170 3226 1197 3246 ‘-

159 3344 235 3411 est,
262 3328 368 3417 Deos
384 3320 570 3399 flexibiles
588 3322 825 3421 describere,
852 3329 1051 3415 atNestor
1067 3350 1157 3427 nar·
1202 3361 1207 3371 ·
1228 3406 1231 3413 y

156 3437 311 3517 ratione
335 3463 406 3515 sua
431 3438 482 3513 ad
505 3435 650 3525 dictum
668 3437 1038 3538 ,depereeverantia
1055 3441 1157 3512 Deo·

156 3575 246 3626 rum
273 3549 448 3640 ducitur,
474 3549 621 3661 quippe
644 3576 745 3652 quae
761 3549 953 3631 redundat
968 3577 1012 3641 ox
1029 3549 1155 3640 facto,

155 3660 267 3762 quod
300 3656 476 3753 traditor.
536 3662 687 3743 Pariter
720 3685 767 3739 ex
802 3664 957 3739 diversa
984 3689 1155 3765 persona

154 3770 348 3877 loquentis
364 3773 636 3877 componenda
652 3795 710 3853 est
727 3777 828 3873 lovis
843 3779 1043 3864 sententia,
1062 3774 1152 3870 (Οά.

159 3905 201 3976 r,
224 3884 309 3986 35.)
337 3883 573 3998 “Aegistbum‘
588 3889 682 4002 ῥυτὶς
698 3896 812 4006 μόρον,
825 3884 1163 3990 Agamemnonem,
1282 3970 1291 3979 ‚
