<?xml version="1.0" encoding="UTF-8"?>
<!DOCTYPE html PUBLIC "-//W3C//DTD XHTML 1.0 Transitional//EN"
    "http://www.w3.org/TR/xhtml1/DTD/xhtml1-transitional.dtd">
<html xmlns="http://www.w3.org/1999/xhtml" xml:lang="en" lang="en">
 <head>
  <title>
</title>
<meta http-equiv="Content-Type" content="text/html;charset=utf-8" />
  <meta name='ocr-system' content='tesseract 3.04.00' />
  <meta name='ocr-capabilities' content='ocr_page ocr_carea ocr_par ocr_line ocrx_word'/>
</head>
<body>
  <div class='ocr_page' id='page_1' title='image "./notionesiuriset00platgoog_0158.png"; bbox 0 0 2588 4560; ppageno 0'>
   <div class='ocr_carea' id='block_1_1' title="bbox 1047 366 1158 457">
    <p class='ocr_par' dir='ltr' id='par_1_1' title="bbox 1047 366 1158 457">
     <span class='ocr_line' id='line_1_1' title="bbox 1047 366 1158 457; baseline 0 0"><span class='ocrx_word' id='word_1_1' title='bbox 1047 366 1158 457; x_wconf 72' lang='lat'>‚¹05</span> 
     </span>
    </p>
   </div>
   <div class='ocr_carea' id='block_1_2' title="bbox 116 540 1280 3832">
    <p class='ocr_par' dir='ltr' id='par_1_2' title="bbox 116 540 1280 3832">
     <span class='ocr_line' id='line_1_2' title="bbox 159 540 1162 660; baseline -0.007 -13"><span class='ocrx_word' id='word_1_2' title='bbox 159 594 319 647; x_wconf 82' lang='lat' dir='ltr'>versum</span> <span class='ocrx_word' id='word_1_3' title='bbox 352 582 482 644; x_wconf 89' lang='lat' dir='ltr'>autem</span> <span class='ocrx_word' id='word_1_4' title='bbox 514 558 556 636; x_wconf 85' lang='lat' dir='ltr'>id</span> <span class='ocrx_word' id='word_1_5' title='bbox 590 546 795 660; x_wconf 81' lang='lat' dir='ltr'>aliquoties</span> <span class='ocrx_word' id='word_1_6' title='bbox 813 559 868 635; x_wconf 86' lang='grc' dir='ltr'>,ὶο</span> <span class='ocrx_word' id='word_1_7' title='bbox 891 559 1053 637; x_wconf 78' lang='lat' dir='ltr'>Homeri</span> <span class='ocrx_word' id='word_1_8' title='bbox 1078 540 1162 640; x_wconf 70' lang='lat' dir='ltr'>cal·</span> 
     </span>
     <span class='ocr_line' id='line_1_3' title="bbox 162 668 1169 780; baseline -0.007 -22"><span class='ocrx_word' id='word_1_9' title='bbox 162 685 334 760; x_wconf 88' lang='lat' dir='ltr'>minibus</span> <span class='ocrx_word' id='word_1_10' title='bbox 359 693 559 764; x_wconf 88' lang='lat' dir='ltr'>monetur,</span> <span class='ocrx_word' id='word_1_11' title='bbox 585 669 840 760; x_wconf 87' lang='lat' dir='ltr'>auctoritate,</span> <span class='ocrx_word' id='word_1_12' title='bbox 872 668 1015 749; x_wconf 77' lang='lat' dir='ltr'>divitiis</span> <span class='ocrx_word' id='word_1_13' title='bbox 1041 692 1169 780; x_wconf 85' lang='lat' dir='ltr'>atque·</span> 
     </span>
     <span class='ocr_line' id='line_1_4' title="bbox 163 781 1164 884; baseline -0.007 -12"><span class='ocrx_word' id='word_1_14' title='bbox 163 798 267 874; x_wconf 86' lang='lat' dir='ltr'>vitae</span> <span class='ocrx_word' id='word_1_15' title='bbox 291 795 399 868; x_wconf 84' lang='lat' dir='ltr'>laute</span> <span class='ocrx_word' id='word_1_16' title='bbox 425 807 465 863; x_wconf 89' lang='lat' dir='ltr'>et</span> <span class='ocrx_word' id='word_1_17' title='bbox 487 786 592 865; x_wconf 85' lang='lat' dir='ltr'>laete</span> <span class='ocrx_word' id='word_1_18' title='bbox 609 781 807 884; x_wconf 79' lang='lat' dir='ltr'>degendae</span> <span class='ocrx_word' id='word_1_19' title='bbox 823 782 1064 863; x_wconf 77' lang='lat' dir='ltr'><strong>adminiculis</strong></span> <span class='ocrx_word' id='word_1_20' title='bbox 1079 813 1164 865; x_wconf 56' lang='lat' dir='ltr'>sene</span> 
     </span>
     <span class='ocr_line' id='line_1_5' title="bbox 162 895 1234 1030; baseline -0.008 -46"><span class='ocrx_word' id='word_1_21' title='bbox 162 935 249 985; x_wconf 89' lang='lat' dir='ltr'>sum</span> <span class='ocrx_word' id='word_1_22' title='bbox 266 904 440 982; x_wconf 85' lang='lat' dir='ltr'>iustitiae</span> <span class='ocrx_word' id='word_1_23' title='bbox 457 896 670 987; x_wconf 85' lang='lat' dir='ltr'>debilitari,</span> <span class='ocrx_word' id='word_1_24' title='bbox 696 895 945 985; x_wconf 78' lang='lat' dir='ltr'>insolentiam</span> <span class='ocrx_word' id='word_1_25' title='bbox 963 899 1173 1030; x_wconf 79' lang='lat' dir='ltr'>quandam.</span> <span class='ocrx_word' id='word_1_26' title='bbox 1212 910 1234 927; x_wconf 87' lang='grc'>’·</span> 
     </span>
     <span class='ocr_line' id='line_1_6' title="bbox 165 1000 1268 1122; baseline -0.005 -30"><span class='ocrx_word' id='word_1_27' title='bbox 165 1020 294 1121; x_wconf 78' lang='lat' dir='ltr'>gigni,</span> <span class='ocrx_word' id='word_1_28' title='bbox 318 1040 398 1122; x_wconf 87' lang='lat' dir='ltr'>qua</span> <span class='ocrx_word' id='word_1_29' title='bbox 402 1009 600 1089; x_wconf 89' lang='lat' dir='ltr'>homines</span> <span class='ocrx_word' id='word_1_30' title='bbox 615 1000 760 1089; x_wconf 83' lang='lat' dir='ltr'>inflati</span> <span class='ocrx_word' id='word_1_31' title='bbox 756 1035 910 1086; x_wconf 88' lang='lat' dir='ltr'>omnem</span> <span class='ocrx_word' id='word_1_32' title='bbox 925 1013 1163 1114; x_wconf 82' lang='lat' dir='ltr'>aequitatem</span> <span class='ocrx_word' id='word_1_33' title='bbox 1224 1060 1229 1067; x_wconf 92' lang='lat'>-</span> <span class='ocrx_word' id='word_1_34' title='bbox 1264 1026 1268 1033; x_wconf 88' lang='lat'>&#39;</span> 
     </span>
     <span class='ocr_line' id='line_1_7' title="bbox 116 1125 1165 1228; baseline -0.007 -21"><span class='ocrx_word' id='word_1_35' title='bbox 116 1178 122 1185; x_wconf 95' lang='lat'>-</span> <span class='ocrx_word' id='word_1_36' title='bbox 167 1152 206 1207; x_wconf 91' lang='lat' dir='ltr'>et</span> <span class='ocrx_word' id='word_1_37' title='bbox 231 1130 510 1209; x_wconf 86' lang='lat' dir='ltr'>humanitatem</span> <span class='ocrx_word' id='word_1_38' title='bbox 533 1141 696 1205; x_wconf 84' lang='lat' dir='ltr'>exuant,</span> <span class='ocrx_word' id='word_1_39' title='bbox 733 1149 902 1227; x_wconf 85' lang='lat' dir='ltr'>ergaque</span> <span class='ocrx_word' id='word_1_40' title='bbox 923 1125 1024 1203; x_wconf 87' lang='lat' dir='ltr'>alios</span> <span class='ocrx_word' id='word_1_41' title='bbox 1045 1150 1085 1228; x_wconf 86' lang='lat' dir='ltr'>se</span> <span class='ocrx_word' id='word_1_42' title='bbox 1109 1125 1165 1200; x_wconf 90' lang='lat' dir='ltr'>in·</span> 
     </span>
     <span class='ocr_line' id='line_1_8' title="bbox 122 1234 969 1341; baseline -0.007 -22"><span class='ocrx_word' id='word_1_43' title='bbox 122 1308 128 1318; x_wconf 33' lang='grc' dir='ltr'>ι</span> <span class='ocrx_word' id='word_1_44' title='bbox 166 1242 439 1319; x_wconf 88' lang='lat' dir='ltr'>tolerantius</span> <span class='ocrx_word' id='word_1_45' title='bbox 427 1257 585 1321; x_wconf 77' lang='lat' dir='ltr'>iactent.</span> <span class='ocrx_word' id='word_1_46' title='bbox 617 1234 956 1341; x_wconf 71' lang='lat' dir='ltr'>Od.·13,=ts7.</span> <span class='ocrx_word' id='word_1_47' title='bbox 966 1276 969 1287; x_wconf 95' lang='lat'>·</span> 
     </span>
     <span class='ocr_line' id='line_1_9' title="bbox 193 1352 1165 1458; baseline -0.005 -26"><span class='ocrx_word' id='word_1_48' title='bbox 193 1361 195 1365; x_wconf 80' lang='grc'><strong>’</strong></span> <span class='ocrx_word' id='word_1_49' title='bbox 242 1355 321 1458; x_wconf 74' lang='lat' dir='ltr'>Qui</span> <span class='ocrx_word' id='word_1_50' title='bbox 344 1373 475 1433; x_wconf 90' lang='lat' dir='ltr'>autem</span> <span class='ocrx_word' id='word_1_51' title='bbox 500 1371 726 1429; x_wconf 90' lang='lat' dir='ltr'>nostrorum</span> <span class='ocrx_word' id='word_1_52' title='bbox 744 1352 964 1453; x_wconf 86' lang='lat' dir='ltr'>principum</span> <span class='ocrx_word' id='word_1_53' title='bbox 985 1376 1070 1428; x_wconf 84' lang='lat' dir='ltr'>mos</span> <span class='ocrx_word' id='word_1_54' title='bbox 1086 1369 1165 1441; x_wconf 90' lang='lat' dir='ltr'>est,</span> 
     </span>
     <span class='ocr_line' id='line_1_10' title="bbox 147 1460 1240 1570; baseline -0.007 -24"><span class='ocrx_word' id='word_1_55' title='bbox 147 1473 204 1559; x_wconf 55' lang='lat' dir='ltr'>‚is</span> <span class='ocrx_word' id='word_1_56' title='bbox 231 1471 347 1544; x_wconf 90' lang='lat' dir='ltr'>etiam</span> <span class='ocrx_word' id='word_1_57' title='bbox 373 1466 625 1570; x_wconf 81' lang='lat' dir='ltr'>antiquorum</span> <span class='ocrx_word' id='word_1_58' title='bbox 646 1460 767 1541; x_wconf 84' lang='lat' dir='ltr'>luisse</span> <span class='ocrx_word' id='word_1_59' title='bbox 793 1463 967 1556; x_wconf 85' lang='lat' dir='ltr'>videtur,</span> <span class='ocrx_word' id='word_1_60' title='bbox 998 1483 1045 1544; x_wconf 90' lang='lat' dir='ltr'>ut</span> <span class='ocrx_word' id='word_1_61' title='bbox 1068 1461 1168 1540; x_wconf 89' lang='lat' dir='ltr'>nibil</span> <span class='ocrx_word' id='word_1_62' title='bbox 1223 1477 1240 1485; x_wconf 82' lang='grc'>’·</span> 
     </span>
     <span class='ocr_line' id='line_1_11' title="bbox 169 1572 1225 1677; baseline -0.004 -18"><span class='ocrx_word' id='word_1_63' title='bbox 169 1583 247 1659; x_wconf 88' lang='lat' dir='ltr'>nisi</span> <span class='ocrx_word' id='word_1_64' title='bbox 271 1574 444 1656; x_wconf 85' lang='lat' dir='ltr'>iucunda</span> <span class='ocrx_word' id='word_1_65' title='bbox 475 1596 516 1653; x_wconf 90' lang='lat' dir='ltr'>et</span> <span class='ocrx_word' id='word_1_66' title='bbox 539 1593 658 1675; x_wconf 49' lang='lat' dir='ltr'>&#39;grata</span> <span class='ocrx_word' id='word_1_67' title='bbox 682 1574 819 1651; x_wconf 84' lang='lat' dir='ltr'>audire</span> <span class='ocrx_word' id='word_1_68' title='bbox 844 1572 1007 1677; x_wconf 82' lang='lat' dir='ltr'>vellent,</span> <span class='ocrx_word' id='word_1_69' title='bbox 1042 1596 1081 1655; x_wconf 92' lang='lat' dir='ltr'>et</span> <span class='ocrx_word' id='word_1_70' title='bbox 1108 1605 1169 1656; x_wconf 85' lang='lat' dir='ltr'>as·</span> <span class='ocrx_word' id='word_1_71' title='bbox 1220 1584 1225 1591; x_wconf 85' lang='grc'><strong>’</strong></span> 
     </span>
     <span class='ocr_line' id='line_1_12' title="bbox 133 1684 1167 1817; baseline -0.002 -46"><span class='ocrx_word' id='word_1_72' title='bbox 133 1740 138 1753; x_wconf 78' lang='lat'>=</span> <span class='ocrx_word' id='word_1_73' title='bbox 171 1690 436 1772; x_wconf 88' lang='lat' dir='ltr'>sentatoribus</span> <span class='ocrx_word' id='word_1_74' title='bbox 461 1687 618 1817; x_wconf 84' lang='lat' dir='ltr'>quidem</span> <span class='ocrx_word' id='word_1_75' title='bbox 642 1684 777 1764; x_wconf 76' lang='lat' dir='ltr'>faciles</span> <span class='ocrx_word' id='word_1_76' title='bbox 799 1707 838 1761; x_wconf 90' lang='lat' dir='ltr'>et</span> <span class='ocrx_word' id='word_1_77' title='bbox 870 1712 1027 1793; x_wconf 88' lang='lat' dir='ltr'>apertas</span> <span class='ocrx_word' id='word_1_78' title='bbox 1052 1719 1167 1771; x_wconf 88' lang='lat' dir='ltr'>aures</span> 
     </span>
     <span class='ocr_line' id='line_1_13' title="bbox 129 1796 1170 1914; baseline 0 -32"><span class='ocrx_word' id='word_1_79' title='bbox 129 1864 132 1869; x_wconf 78' lang='lat'>-</span> <span class='ocrx_word' id='word_1_80' title='bbox 171 1807 425 1914; x_wconf 82' lang='lat' dir='ltr'>praeberent,</span> <span class='ocrx_word' id='word_1_81' title='bbox 461 1801 501 1876; x_wconf 91' lang='lat' dir='ltr'>in</span> <span class='ocrx_word' id='word_1_82' title='bbox 529 1796 731 1876; x_wconf 87' lang='lat' dir='ltr'>veritatem</span> <span class='ocrx_word' id='word_1_83' title='bbox 756 1819 908 1895; x_wconf 82' lang='lat' dir='ltr'>autem,</span> <span class='ocrx_word' id='word_1_84' title='bbox 943 1831 1047 1909; x_wconf 86' lang='lat' dir='ltr'>quae</span> <span class='ocrx_word' id='word_1_85' title='bbox 1072 1806 1170 1909; x_wconf 89' lang='lat' dir='ltr'>qnid</span> 
     </span>
     <span class='ocr_line' id='line_1_14' title="bbox 170 1911 1205 2016; baseline -0.005 -19"><span class='ocrx_word' id='word_1_86' title='bbox 170 1919 323 1997; x_wconf 88' lang='lat' dir='ltr'>molesti</span> <span class='ocrx_word' id='word_1_87' title='bbox 348 1935 388 1992; x_wconf 91' lang='lat' dir='ltr'>et</span> <span class='ocrx_word' id='word_1_88' title='bbox 409 1936 532 1991; x_wconf 80' lang='lat' dir='ltr'>amatr</span> <span class='ocrx_word' id='word_1_89' title='bbox 520 1911 707 2002; x_wconf 78' lang='lat' dir='ltr'>alferat,</span> <span class='ocrx_word' id='word_1_90' title='bbox 732 1931 918 2016; x_wconf 87' lang='lat' dir='ltr'>tanquam</span> <span class='ocrx_word' id='word_1_91' title='bbox 933 1915 975 1991; x_wconf 90' lang='lat' dir='ltr'>in</span> <span class='ocrx_word' id='word_1_92' title='bbox 989 1918 1172 1994; x_wconf 86' lang='lat' dir='ltr'>iniuriam</span> <span class='ocrx_word' id='word_1_93' title='bbox 1194 1911 1205 1992; x_wconf 42' lang='lat'>¹.</span> 
     </span>
     <span class='ocr_line' id='line_1_15' title="bbox 116 2024 1161 2201; baseline 0.008 -100"><span class='ocrx_word' id='word_1_94' title='bbox 116 2060 140 2101; x_wconf 61' lang='lat' dir='ltr'><em>s</em></span> <span class='ocrx_word' id='word_1_95' title='bbox 173 2032 371 2201; x_wconf 81' lang='lat' dir='ltr'>diguitatis</span> <span class='ocrx_word' id='word_1_96' title='bbox 397 2051 495 2105; x_wconf 86' lang='grc'><strong>0000</strong></span> <span class='ocrx_word' id='word_1_97' title='bbox 519 2025 887 2104; x_wconf 85' lang='lat' dir='ltr'>animadverterent·</span> <span class='ocrx_word' id='word_1_98' title='bbox 909 2029 956 2104; x_wconf 90' lang='lat' dir='ltr'>Il.</span> <span class='ocrx_word' id='word_1_99' title='bbox 976 2056 1016 2119; x_wconf 89' lang='lat'>1,</span> <span class='ocrx_word' id='word_1_100' title='bbox 1042 2024 1161 2127; x_wconf 83' lang='grc'>560</span> 
     </span>
     <span class='ocr_line' id='line_1_16' title="bbox 236 2125 1173 2245; baseline -0.002 -23.956"><span class='ocrx_word' id='word_1_101' title='bbox 236 2148 340 2225; x_wconf 85' lang='grc' dir='ltr'>Ν·0</span> <span class='ocrx_word' id='word_1_102' title='bbox 352 2160 480 2217; x_wconf 86' lang='lat' dir='ltr'>autem</span> <span class='ocrx_word' id='word_1_103' title='bbox 516 2125 672 2217; x_wconf 88' lang='lat' dir='ltr'>abusus</span> <span class='ocrx_word' id='word_1_104' title='bbox 695 2141 902 2244; x_wconf 83' lang='lat' dir='ltr'>potestatis</span> <span class='ocrx_word' id='word_1_105' title='bbox 934 2143 1173 2245; x_wconf 83' lang='lat' dir='ltr'>principibus</span> 
     </span>
     <span class='ocr_line' id='line_1_17' title="bbox 176 2254 1174 2356; baseline -0.007 -17"><span class='ocrx_word' id='word_1_106' title='bbox 176 2282 386 2345; x_wconf 78' lang='lat' dir='ltr'>concessae</span> <span class='ocrx_word' id='word_1_107' title='bbox 407 2255 598 2351; x_wconf 85' lang='lat' dir='ltr'>libertati</span> <span class='ocrx_word' id='word_1_108' title='bbox 595 2280 798 2331; x_wconf 89' lang='lat' dir='ltr'>commum</span> <span class='ocrx_word' id='word_1_109' title='bbox 787 2254 1033 2356; x_wconf 82' lang='lat' dir='ltr'>periculum</span> <span class='ocrx_word' id='word_1_110' title='bbox 1053 2256 1174 2333; x_wconf 84' lang='lat' dir='ltr'>inler-</span> 
     </span>
     <span class='ocr_line' id='line_1_18' title="bbox 142 2369 1177 2503; baseline 0.001 -54"><span class='ocrx_word' id='word_1_111' title='bbox 142 2396 270 2483; x_wconf 40' lang='grc' dir='ltr'>ἱιιιι,</span> <span class='ocrx_word' id='word_1_112' title='bbox 292 2369 467 2503; x_wconf 82' lang='lat' dir='ltr'>pluribus</span> <span class='ocrx_word' id='word_1_113' title='bbox 492 2389 659 2469; x_wconf 89' lang='lat' dir='ltr'>cautum.</span> <span class='ocrx_word' id='word_1_114' title='bbox 675 2386 715 2444; x_wconf 89' lang='lat' dir='ltr'>et</span> <span class='ocrx_word' id='word_1_115' title='bbox 738 2369 942 2469; x_wconf 86' lang='lat' dir='ltr'>provisum</span> <span class='ocrx_word' id='word_1_116' title='bbox 973 2389 1060 2446; x_wconf 86' lang='lat' dir='ltr'>erat</span> <span class='ocrx_word' id='word_1_117' title='bbox 1083 2371 1177 2450; x_wconf 81' lang='lat' dir='ltr'>civi·</span> 
     </span>
     <span class='ocr_line' id='line_1_19' title="bbox 175 2460 1179 2613; baseline -0.002 -50"><span class='ocrx_word' id='word_1_118' title='bbox 175 2486 226 2563; x_wconf 82' lang='lat' dir='ltr'>lie</span> <span class='ocrx_word' id='word_1_119' title='bbox 250 2486 445 2562; x_wconf 86' lang='lat' dir='ltr'>societatis</span> <span class='ocrx_word' id='word_1_120' title='bbox 470 2460 684 2613; x_wconf 79' lang='lat' dir='ltr'>praesidiis.</span> <span class='ocrx_word' id='word_1_121' title='bbox 741 2478 955 2557; x_wconf 88' lang='lat' dir='ltr'>Plurimum</span> <span class='ocrx_word' id='word_1_122' title='bbox 985 2485 1087 2559; x_wconf 90' lang='lat' dir='ltr'>enim</span> <span class='ocrx_word' id='word_1_123' title='bbox 1112 2511 1179 2561; x_wconf 88' lang='lat' dir='ltr'>va</span> 
     </span>
     <span class='ocr_line' id='line_1_20' title="bbox 179 2595 1280 2701; baseline -0.005 -24"><span class='ocrx_word' id='word_1_124' title='bbox 179 2601 286 2678; x_wconf 89' lang='lat' dir='ltr'>lebat</span> <span class='ocrx_word' id='word_1_125' title='bbox 314 2596 472 2701; x_wconf 83' lang='lat' dir='ltr'>publica</span> <span class='ocrx_word' id='word_1_126' title='bbox 504 2595 736 2671; x_wconf 84' lang='lat' dir='ltr'>existimatio</span> <span class='ocrx_word' id='word_1_127' title='bbox 768 2613 806 2669; x_wconf 88' lang='lat' dir='ltr'>et</span> <span class='ocrx_word' id='word_1_128' title='bbox 838 2595 962 2688; x_wconf 84' lang='lat' dir='ltr'>lama,</span> <span class='ocrx_word' id='word_1_129' title='bbox 999 2622 1100 2700; x_wconf 88' lang='lat' dir='ltr'>quae</span> <span class='ocrx_word' id='word_1_130' title='bbox 1126 2596 1177 2672; x_wconf 93' lang='lat' dir='ltr'>ab</span> <span class='ocrx_word' id='word_1_131' title='bbox 1277 2634 1280 2640; x_wconf 96' lang='lat'>·</span> 
     </span>
     <span class='ocr_line' id='line_1_21' title="bbox 180 2706 1179 2813; baseline -0.005 -23"><span class='ocrx_word' id='word_1_132' title='bbox 180 2733 421 2813; x_wconf 87' lang='lat' dir='ltr'>unoquoque</span> <span class='ocrx_word' id='word_1_133' title='bbox 446 2708 576 2806; x_wconf 78' lang='lat' dir='ltr'>magni</span> <span class='ocrx_word' id='word_1_134' title='bbox 601 2706 802 2801; x_wconf 86' lang='lat' dir='ltr'>aestimata</span> <span class='ocrx_word' id='word_1_135' title='bbox 832 2711 969 2783; x_wconf 87' lang='lat' dir='ltr'>summi</span> <span class='ocrx_word' id='word_1_136' title='bbox 995 2713 1179 2786; x_wconf 87' lang='lat' dir='ltr'>momenti</span> 
     </span>
     <span class='ocr_line' id='line_1_22' title="bbox 121 2818 1180 2921; baseline 0 -23"><span class='ocrx_word' id='word_1_137' title='bbox 121 2912 125 2919; x_wconf 28' lang='grc' dir='ltr'>Ι</span> <span class='ocrx_word' id='word_1_138' title='bbox 181 2844 267 2901; x_wconf 85' lang='lat' dir='ltr'>erat</span> <span class='ocrx_word' id='word_1_139' title='bbox 294 2818 595 2894; x_wconf 78' lang='lat' dir='ltr'>all-bominum·</span> <span class='ocrx_word' id='word_1_140' title='bbox 627 2819 800 2896; x_wconf 85' lang='lat' dir='ltr'>actiones</span> <span class='ocrx_word' id='word_1_141' title='bbox 835 2820 1023 2921; x_wconf 78' lang='lat' dir='ltr'>regendae</span> <span class='ocrx_word' id='word_1_142' title='bbox 1055 2842 1095 2897; x_wconf 89' lang='lat' dir='ltr'>et</span> <span class='ocrx_word' id='word_1_143' title='bbox 1127 2822 1180 2898; x_wconf 86' lang='lat' dir='ltr'>ad</span> 
     </span>
     <span class='ocr_line' id='line_1_23' title="bbox 181 2928 1226 3038; baseline 0.008 -31"><span class='ocrx_word' id='word_1_144' title='bbox 181 2934 404 3038; x_wconf 81' lang='lat' dir='ltr'>principum</span> <span class='ocrx_word' id='word_1_145' title='bbox 429 2928 730 3010; x_wconf 88' lang='lat' dir='ltr'>dominationem</span> <span class='ocrx_word' id='word_1_146' title='bbox 765 2953 834 3010; x_wconf 89' lang='lat' dir='ltr'>aut</span> <span class='ocrx_word' id='word_1_147' title='bbox 858 2932 1088 3011; x_wconf 85' lang='lat' dir='ltr'>firmandam</span> <span class='ocrx_word' id='word_1_148' title='bbox 1112 2956 1181 3015; x_wconf 82' lang='lat' dir='ltr'>aut</span> <span class='ocrx_word' id='word_1_149' title='bbox 1222 2952 1226 2965; x_wconf 88' lang='lat'>&#39;</span> 
     </span>
     <span class='ocr_line' id='line_1_24' title="bbox 182 3040 1180 3149; baseline 0.007 -28"><span class='ocrx_word' id='word_1_150' title='bbox 182 3040 504 3127; x_wconf 81' lang='lat' dir='ltr'>labefactandam.</span> <span class='ocrx_word' id='word_1_151' title='bbox 527 3044 681 3144; x_wconf 79' lang='lat' dir='ltr'>Od.14‚</span> <span class='ocrx_word' id='word_1_152' title='bbox 700 3071 782 3142; x_wconf 72' lang='lat'>239.</span> <span class='ocrx_word' id='word_1_153' title='bbox 809 3056 873 3135; x_wconf 88' lang='lat'>16,</span> <span class='ocrx_word' id='word_1_154' title='bbox 888 3068 948 3146; x_wconf 71' lang='grc'>75.</span> <span class='ocrx_word' id='word_1_155' title='bbox 974 3047 1018 3129; x_wconf 85' lang='lat'>11.</span> <span class='ocrx_word' id='word_1_156' title='bbox 1034 3075 1079 3145; x_wconf 87' lang='lat'>9,</span> <span class='ocrx_word' id='word_1_157' title='bbox 1095 3059 1180 3149; x_wconf 76' lang='lat'>460.</span> 
     </span>
     <span class='ocr_line' id='line_1_25' title="bbox 183 3156 1183 3266; baseline 0.006 -31"><span class='ocrx_word' id='word_1_158' title='bbox 183 3156 468 3254; x_wconf 82' lang='lat' dir='ltr'>Deindereges</span> <span class='ocrx_word' id='word_1_159' title='bbox 493 3182 572 3231; x_wconf 89' lang='grc' dir='ltr'>ιιοιι</span> <span class='ocrx_word' id='word_1_160' title='bbox 599 3184 670 3260; x_wconf 89' lang='lat' dir='ltr'>per</span> <span class='ocrx_word' id='word_1_161' title='bbox 695 3185 737 3236; x_wconf 87' lang='lat' dir='ltr'>se</span> <span class='ocrx_word' id='word_1_162' title='bbox 759 3159 832 3236; x_wconf 86' lang='lat' dir='ltr'>soli</span> <span class='ocrx_word' id='word_1_163' title='bbox 858 3158 1038 3239; x_wconf 56' lang='lat' dir='ltr'>deirebus</span> <span class='ocrx_word' id='word_1_164' title='bbox 1056 3163 1183 3266; x_wconf 84' lang='lat' dir='ltr'>publi·</span> 
     </span>
     <span class='ocr_line' id='line_1_26' title="bbox 150 3264 1184 3371; baseline 0.007 -23"><span class='ocrx_word' id='word_1_165' title='bbox 150 3264 252 3349; x_wconf 81' lang='lat' dir='ltr'>&#39;cis</span> <span class='ocrx_word' id='word_1_166' title='bbox 278 3269 490 3347; x_wconf 81' lang='lat' dir='ltr'>decernere</span> <span class='ocrx_word' id='word_1_167' title='bbox 515 3288 718 3371; x_wconf 65' lang='lat' dir='ltr'>poterant5</span> <span class='ocrx_word' id='word_1_168' title='bbox 755 3272 892 3363; x_wconf 29' lang='lat' dir='ltr'>sedxex</span> <span class='ocrx_word' id='word_1_169' title='bbox 916 3290 1110 3355; x_wconf 86' lang='lat' dir='ltr'>consensu</span> <span class='ocrx_word' id='word_1_170' title='bbox 1143 3297 1184 3355; x_wconf 88' lang='lat' dir='ltr'>et</span> 
     </span>
     <span class='ocr_line' id='line_1_27' title="bbox 185 3376 1183 3491; baseline 0.008 -29"><span class='ocrx_word' id='word_1_171' title='bbox 185 3384 390 3462; x_wconf 80' lang='lat' dir='ltr'>voluntate</span> <span class='ocrx_word' id='word_1_172' title='bbox 415 3400 498 3458; x_wconf 89' lang='lat' dir='ltr'>tum</span> <span class='ocrx_word' id='word_1_173' title='bbox 527 3376 753 3484; x_wconf 75' lang='lat' dir='ltr'>procerum,</span> <span class='ocrx_word' id='word_1_174' title='bbox 779 3404 862 3463; x_wconf 92' lang='lat' dir='ltr'>tum</span> <span class='ocrx_word' id='word_1_175' title='bbox 881 3389 1021 3491; x_wconf 88' lang='lat' dir='ltr'>populi</span> <span class='ocrx_word' id='word_1_176' title='bbox 1043 3392 1183 3491; x_wconf 85' lang='lat' dir='ltr'>ipsius,</span> 
     </span>
     <span class='ocr_line' id='line_1_28' title="bbox 187 3496 1279 3603; baseline 0.007 -29"><span class='ocrx_word' id='word_1_177' title='bbox 187 3524 287 3603; x_wconf 86' lang='lat' dir='ltr'>quoe</span> <span class='ocrx_word' id='word_1_178' title='bbox 307 3517 501 3600; x_wconf 88' lang='lat' dir='ltr'>utrosque</span> <span class='ocrx_word' id='word_1_179' title='bbox 527 3496 753 3597; x_wconf 76' lang='lat' dir='ltr'>singulatim</span> <span class='ocrx_word' id='word_1_180' title='bbox 767 3502 978 3579; x_wconf 78' lang='lat' dir='ltr'>convocari·-</span> <span class='ocrx_word' id='word_1_181' title='bbox 993 3526 1183 3597; x_wconf 79' lang='lat' dir='ltr'>moserat,</span> <span class='ocrx_word' id='word_1_182' title='bbox 1275 3508 1279 3513; x_wconf 76' lang='grc'><strong>’</strong></span> 
     </span>
     <span class='ocr_line' id='line_1_29' title="bbox 188 3608 1187 3713; baseline 0.013 -27"><span class='ocrx_word' id='word_1_183' title='bbox 188 3609 401 3702; x_wconf 81' lang='lat' dir='ltr'>mdccc,</span> <span class='ocrx_word' id='word_1_184' title='bbox 437 3608 545 3713; x_wconf 90' lang='lat' dir='ltr'>quod</span> <span class='ocrx_word' id='word_1_185' title='bbox 571 3609 748 3687; x_wconf 87' lang='lat' dir='ltr'>utilitatis</span> <span class='ocrx_word' id='word_1_186' title='bbox 779 3616 994 3694; x_wconf 90' lang='lat' dir='ltr'>communis</span> <span class='ocrx_word' id='word_1_187' title='bbox 1027 3619 1187 3699; x_wconf 85' lang='lat' dir='ltr'>interes·</span> 
     </span>
     <span class='ocr_line' id='line_1_30' title="bbox 190 3723 1187 3832; baseline 0.009 -31"><span class='ocrx_word' id='word_1_188' title='bbox 190 3744 269 3810; x_wconf 86' lang='lat' dir='ltr'>set,</span> <span class='ocrx_word' id='word_1_189' title='bbox 295 3723 700 3822; x_wconf 79' lang='lat' dir='ltr'>sulbagialerreutur.</span> <span class='ocrx_word' id='word_1_190' title='bbox 727 3726 949 3808; x_wconf 85' lang='lat' dir='ltr'>Conventus</span> <span class='ocrx_word' id='word_1_191' title='bbox 968 3742 1187 3832; x_wconf 80' lang='lat' dir='ltr'>procerum,</span> 
     </span>
    </p>
   </div>
   <div class='ocr_carea' id='block_1_3' title="bbox 156 3833 1188 4050">
    <p class='ocr_par' dir='ltr' id='par_1_3' title="bbox 156 3833 1188 4050">
     <span class='ocr_line' id='line_1_31' title="bbox 189 3833 1188 4015; baseline 0.011 -99"><span class='ocrx_word' id='word_1_192' title='bbox 189 3833 382 3985; x_wconf 47' lang='lat' dir='ltr'>anai?</span> <span class='ocrx_word' id='word_1_193' title='bbox 345 3838 484 3916; x_wconf 88' lang='lat' dir='ltr'>concio</span> <span class='ocrx_word' id='word_1_194' title='bbox 502 3834 671 4015; x_wconf 85' lang='lat' dir='ltr'>populi,</span> <span class='ocrx_word' id='word_1_195' title='bbox 695 3839 804 3955; x_wconf 65' lang='lat' dir='ltr'>dyogal</span> <span class='ocrx_word' id='word_1_196' title='bbox 827 3837 1042 3987; x_wconf 81' lang='lat' dir='ltr'>dicebatur.</span> <span class='ocrx_word' id='word_1_197' title='bbox 1075 3844 1121 3925; x_wconf 82' lang='lat' dir='ltr'>tt</span> <span class='ocrx_word' id='word_1_198' title='bbox 1142 3870 1188 3940; x_wconf 77' lang='lat' dir='ltr'>a,</span> 
     </span>
     <span class='ocr_line' id='line_1_32' title="bbox 156 3970 565 4050; baseline 0.005 -35"><span class='ocrx_word' id='word_1_199' title='bbox 156 4008 159 4015; x_wconf 95' lang='lat'><em>.</em></span> <span class='ocrx_word' id='word_1_200' title='bbox 191 3970 314 4050; x_wconf 55' lang='grc' dir='ltr'>’,Γ</span> <span class='ocrx_word' id='word_1_201' title='bbox 560 4000 565 4017; x_wconf 73' lang='grc' dir='ltr'>ι</span> 
     </span>
    </p>
   </div>
   <div class='ocr_carea' id='block_1_4' title="bbox 0 0 1334 4560">
    <p class='ocr_par' dir='ltr' id='par_1_4' title="bbox 0 0 1334 4560">
     <span class='ocr_line' id='line_1_33' title="bbox 0 0 1334 4560; baseline 0 0"><span class='ocrx_word' id='word_1_202' title='bbox 0 0 1334 4560; x_wconf 95' lang='lat' dir='ltr'> </span> 
     </span>
    </p>
   </div>
  </div>
 </body>
</html>
