2588 4560
346 280 359 313 Ι

224 554 334 643 'duat
359 563 557 674 (ιιιιιὶιὶιι).
597 561 650 653 ΙΑ
683 531 832 664 quibui
858 584 953 638 vero
980 562 1096 642 sal-uti
1120 563 1244 668 Ulys·.

24 705 27 709 ·
75 662 78 667 ⁵
175 682 293 767 ·,sis
319 699 356 754 et
380 670 592 774 integritati
616 671 1154 753 red1t1omssuaemaomum
1175 705 1241 778 pe

187 815 189 819 “
237 792 436 877 ricis'lnm
427 789 621 875 imminet,
647 785 874 886 procorum
867 789 1062 878 insidiae,
1087 790 1193 866 hoc''
1182 817 1271 894 tp

193 901 195 905 ’
234 933 325 1010 „snm
352 900 546 1019 efficiunt,
583 896 688 1017 quod
717 899 914 997 Odysseae
941 906 1090 1001 epicam
1118 890 1286 1004 dignisl

100 1032 103 1039 '
220 1037 358 1093 tatem
392 1009 598 1119 iustosque
632 1010 741 1086 fines
764 1010 915 1088 addit..
943 1009 1108 1113 Ulyssis
1136 1018 1242 1091 enim¹

228 1131 329 1231 ¹fata.
347 1148 387 1203 et
414 1151 566 1201 errores
592 1142 663 1225 per
688 1149 726 1199 se
752 1152 831 1201 uon
854 1148 1092 1228 suppetunt,
1117 1109 1164 1204 tit
1180 1157 1273 1206 ac··

104 1320 108 1327 .
239 1245 296 1323 tio
330 1243 441 1341 epica
474 1240 514 1312 in
552 1232 731 1314 omnibds
768 1240 871 1313 suis
882 1240 1057 1342 partibus
1091 1238 1243 1342 expleri

151 1399 180 1421 ω
241 1356 387 1466 possit.
433 1355 534 1428 Nam
568 1347 666 1426 haec
694 1346 779 1427 ad
769 1370 913 1443 rustam
938 1346 1245 1483 implicationem

244 1487 284 1542 et
316 1443 547 1541 solutionem
582 1484 673 1564 apte
698 1463 906 1579 disposita,
946 1467 1057 1541 sibi
1048 1468 1125 1567 ipsi
1152 1476 1245 1543 c'on·

141 1586 150 1609 “·
243 1600 449 1683 scotanea,
485 1578 526 1650 in
554 1600 597 1651 se
623 1574 823 1677 perlecta,
835 1574 1044 1681 certisque
1071 1582 1282 1659 terminis.

87 1679 107 1702 ⁵
175 1710 192 1733 ·“
244 1693 539 1799 circumscripta
572 1715 661 1764 esse
696 1688 839 1767 debet.
881 1698 931 1767 At
965 1693 1055 1769 illae
1087 1692 1251 1821 Ulyssis-

22 1856 27 1867 -
75 1792 83 1810 ’
126 1808 139 1901 ’,
245 1805 486 1883 calamitates
521 1801 616 1877 nihil
643 1800 758 1876 aliud
781 1824 891 1892 sunt,
919 1805 1009 1886 nisi
1035 1808 1160 1881 series
1185 1833 1248 1885 ca·

246 1942 381 2009 suum,
406 1919 477 2021 qui
505 1916 745 1990 extrinsecus
771 1913 969 2025 copulati,
1001 1945 1073 1994 nec
1097 1921 1246 1995 inst'am

189 2110 192 2115 ,
245 2030 545 2130 implicationem
568 2048 607 2101 et
633 2026 869 2103 solutionem
895 2030 1063 2118 habent,
1074 2057 1164 2107 .nec
1191 2050 1246 2108 to·

69 2144 73 2155 ’
173 2173 207 2199 .-
246 2160 329 2215 tum
358 2140 504 2271 aliquid
531 2139 726 2229 efficiunt,
764 2140 870 2270 quod
897 2170 918 2214 e
944 2122 1120 2244 partibus
1157 2170 1248 2219 con·

224 2271 342 2345 stet,
380 2255 481 2329 inter
508 2280 551 2329 se
578 2252 676 2341 bene
702 2255 809 2329 nexis
835 2274 875 2330 et
899 2260 1132 2332 necessitate
1155 2282 1249 2358 qua·
1269 2328 1273 2333 .

204 2428 208 2441 ,
249 2365 337 2445 dam
370 2365 576 2466 colligatis.-
635 2367 675 2444 Si
706 2369 839 2475 itaque
874 2370 913 2441 iu
949 2368 1122 2467 Odyssea
1148 2372 1249 2489 nihil

175 2520 176 2526 κ
246 2481 326 2553 nisi
355 2474 436 2554 hoc
468 2499 748 2607 exponeretur,
787 2483 987 2582 quomodo
1013 2479 1230 2580 Ulyssss
1205 2511 1248 2565 ιιι

192 2633 194 2636 v
248 2591 557 2695 profectionem
584 2594 750 2691 patriam
775 2593 892 2667 undis
920 2614 959 2667 et
984 2594 1247 2703 periculorum

112 2700 126 2721 ‘
241 2703 574 2790 ⁴vicissitudinibus
599 2708 765 2781 iactatus
798 2725 836 2780 et
861 2733 883 2780 a
909 2704 1011 2780 malo
1032 2710 1086 2793 in
1102 2697 1253 2808 malurn

46 2854 49 2859 ·
79 2832 108 2901 ,“
144 2864 147 2869 -
249 2819 428 2920 delapsus
447 2816 602 2892 tandem
620 2818 771 2893 domum
791 2820 1033 2920 perveniret,
1062 2846 1140 2897 non
1161 2846 1284 2922 pos-⁴

96 2931 99 2935 ’
215 2981 218 2986 -
250 2954 314 3008 set
342 2931 451 3021 ,haec
492 2932 687 3041 enarratio
729 2933 890 3025 nomine
928 2933 1252 3034 carminisepici

250 3045 377 3143 digua
400 3040 580 3122 censeri·
619 3044 677 3118 Ad
711 3043 840 3118 illas
831 3045 947 3144 igitur
982 3043 1272 3137 calamitates,

249 3157 394 3263 quibus
423 3157 570 3270 Ulyssis
597 3184 620 3232 a
645 3151 840 3261 Neptuno
856 3155 1060 3254 affligitur,
1094 3155 1255 3269 aliquid

49 3287 70 3349 .’
130 3368 134 3373 .
251 3270 413 3347 accedat
444 3296 601 3346 necesse
635 3292 721 3360 est,
755 3296 836 3372 qno
873 3271 981 3370 ipsae
1016 3262 1267 3395 colligentur

251 3402 289 3459 et
320 3386 577 3469 terminentur
603 3405 719 3487 atque
752 3384 801 3456 ad
840 3402 1002 3461 certum
1016 3376 1132 3455 finem
1149 3364 1267 3457 diri·

143 3570 147 3576 .
250 3516 416 3598 gantur,
436 3497 604 3573 nelocus
615 3497 778 3598 qnidam
795 3494 1052 3584 desideretur
1071 3491 1119 3569 ad
1136 3521 1262 3596 quem

252 3637 387 3688 omnes
413 3609 570 3686 fabulae
597 3630 727 3710 partes
752 3607 936 3697 redeant,
963 3600 1025 3683 vel
1051 3626 1095 3684 ut
1117 3607 1175 3681 ita
1201 3606 1258 3683 di.-

252 3751 356 3809 cam,
385 3725 435 3799 ad
442 3750 567 3833 quem
595 3742 741 3796 omnes
750 3720 908 3798 fabulae
923 3719 1023 3795 radii
1039 3714 1286 3807 confluant.

135 3866 139 3873 ¹
251 3837 363 3927 Talis
391 3843 521 3930 autern
556 3836 656 3909 ratio
684 3835 821 3913 subest
848 3833 1069 3933 Odysseae,
1106 3830 1259 3951 etqui·

212 4022 214 4027 .
253 3949 342 4027 dem
361 3973 434 4039 eo,
468 3946 611 4050 quod
600 3967 700 4024 mter
726 3946 882 4049 Ulyssis
907 3945 1076 4024 reditum
1101 3962 1140 4021 et
1164 3966 1283 4049 ptos
