2588 4560
1000 367 1044 423 21

37 546 215 656 regimen
242 539 575 652 assignavi't'j'boc
598 540 697 627 euim
724 558 804 631 tuin
831 558 871 635 io
891 562 1046 636 univer·
1075 651 1078 656 4

41 668 137 746 dum
154 667 312 764 ingenio
339 691 520 766 poeseos,
547 693 650 768 quae
675 666 799 743 libero
827 672 968 747 virium
986 673 1044 749 lu·
1071 712 1080 721 ·

40 808 89 858 su
113 780 270 866 nititur,
307 800 390 867 turn
418 776 542 851 indoli
574 783 754 855 carminis
780 782 878 885 epici
903 796 1043 886 repug'·

38 890 177 980 naret,
205 890 358 996 quod
348 918 389 964 ιιι
415 888 663 967 contentione
694 890 887 971 libertatis
916 918 954 972 et
979 925 1043 974 ne·
1054 918 1057 923 ’

37 1005 227 1086 cessitatis
254 1024 440 1080 versatur.
469 998 644 1078 Deinde
664 1005 749 1080 telis
764 1012 957 1088 sententia
976 1009 1042 1085 ab·

35 1118 227 1198 iiorteret·
244 1117 294 1194 ab
318 1106 456 1192 habitu
480 1106 522 1192 'et
546 1108 685 1206 inodo,
723 1120 791 1223 qui
816 1124 1036 1222 priscorum
1146 1159 1153 1166 ·

36 1232 288 1310 hominum
277 1258 316 1304 ιιι
350 1228 489 1307 rebus
501 1231 788 1362 considerandis
831 1254 871 1308 et
903 1234 1040 1310 diiudi-

38 1342 176 1424 caudis
199 1344 383 1448 proprius
402 1363 505 1431 erat,
531 1343 679 1445 quippe
695 1336 764 1448 qui
789 1346 867 1422 no'n
893 1347 932 1422 id
934 1374 1038 1479 'age

39 1452 465 1559 baot,i1tsummutn
479 1456 638 1559 aliquod
671 1460 942 1560 principium
931 1488 1038 1536 tuve-

36 1573 186 1656 nitent,
225 1597 302 1673 quo
329 1594 460 1645 omnes
487 1590 650 1644 naturae
676 1591 825 1671 partes,
864 1594 903 1648 et
927 1576 1037 1679 quid·

35 1685 133 1791 quid
158 1687 198 1759 in
232 1681 378 1756 muodo
411 1678 500 1770 fiat,
519 1683 927 1783 comprehenderent,
965 1686 1034 1761 sed

20 1814 171 1875 'eorum
198 1795 395 1871 iudicandi
420 1797 520 1870 ratio
545 1795 741 1884 variabat,
767 1804 886 1897 prout
901 1824 968 1875 res
983 1799 1033 1874 ad

33 1909 175 1990 ocnios
200 1931 239 1984 et
265 1911 433 1995 animum
459 1906 702 1997 acciderent
727 1934 893 2014 eumque
910 1900 1036 1990 affice

31 2045 136 2102 rent.
183 2026 330 2098 Rerum
358 2042 489 2099 autem
512 2021 810 2103 vicissitudines
826 2042 942 2128 atque
957 2025 1033 2100 for·

31 2160 170 2216 tunam
198 2155 279 2210 tum
306 2133 563 2265 populorum,
590 2155 680 2210 tum.
688 2132 943 2263 singulorum
942 2165 1033 2214 con·

34 2246 243 2340 sidereoti,
282 2250 526 2363 praesertim
547 2245 624 2336 illi,
661 2248 729 2351 qui
763 2252 895 2350 potius
930 2244 1042 2326 com?

31 2367 141 2443 muni
174 2385 227 2440 et
245 2360 394 2461 vulgari
426 2388 565 2450 sensu,
609 2388 725 2465 quam
759 2356 1061 2465 philosophica·
1113 2436 1124 2451 ,

31 2467 248 2556 subtilitate
273 2476 549 2562 ratiocinetur,
589 2501 667 2547 noo
694 2493 824 2576 potest
848 2503 926 2553 noo
966 2506 1031 2554 co
1083 2528 1089 2545 ,

10 2592 166 2701 ·gitatio
187 2588 352 2679 oboriri,
378 2584 499 2665 multa
514 2612 561 2660 ex
578 2610 669 2661 casn
698 2607 737 2660 et
759 2588 918 2665 arbitrio
937 2613 1031 2720 apta
1070 2616 1078 2630 ·

30 2731 143 2791 esse,
169 2721 209 2775 et
234 2688 390 2798 saepius
416 2711 486 2774 nec
512 2697 787 2772 necessitatem
813 2728 884 2774 nec
911 2706 1031 2778 ratio·

29 2816 90 2911 uis
114 2805 451 2914 aequabilitatem,
478 2811 548 2885 sed
574 2809 833 2911 cupiditatum
854 2832 892 2886 et
914 2812 1030 2892 affec·
1107 2846 1125 2921 J

30 2949 143 3001 tuum
168 2922 420 2997 fluctuantem
445 2924 522 2996 vim
550 2947 680 2996 rerum
707 2921 903 3001 dominam
929 2952 1027 3002 esse.

30 3042 143 3140 Quae
168 3062 214 3111 ex
239 3033 298 3109 his
321 3032 496 3111 fontibus
521 3030 677 3111 manard
704 3032 958 3141 videbantur²
982 3066 1028 3119 ea
1083 3052 1087 3057 '
1125 3058 1128 3063 '

23 3172 70 3233 et
97 3151 145 3224 ad
172 3148 372 3226 homiuum
405 3148 517 3224 etad
543 3154 715 3225 Deorum
742 3136 944 3227 arbitrium
970 3179 1029 3230 re·

25 3262 281 3340 ferebantur.·
299 3260 438 3366 Quare
453 3248 646 3339 Homeius
664 3288 745 3338 non
763 3256 928 3375 ubiq'ue,
953 3291 1027 3341 nec

10 3379 68 3479 ,in
96 3377 289 3501 omnium,
315 3375 438 3455 sedin
465 3375 711 3505 quorundam
736 3385 889 3451 'tautum
901 3377 1037 3459 modo

20 3473 223 3577 heroum,
237 3508 277 3563 et
302 3478 457 3593 quidem
475 3509 704 3589 praesertrm
721 3506 863 3562 virtute
888 3510 927 3564 et
943 3488 1031 3591 glo
1109 3580 1122 3605 ἰ

25 3586 91 3675 rid-
110 3584 352 3677 eitimiordu’i
362 3600 524 3701 inrtupa
548 3592 801 3715 describenda
826 3597 896 3678 fati
922 3631 1026 3679 meu·

12 3714 174 3790 cionem
197 3712 361 3815 iniicib.
385 3686 636 3847 Du'piicem
626 3736 759 3819 itaque
774 3710 886 3790 habe
910 3719 1026 3791 ratio·

17 3842 137 3927 ¹uem,
164 3808 278 3935 'qud‘
267 3854 308 3900 ιιι
335 3824 448 3905 rebus
473 3814 652 3906 hdmanis
679 3816 856 3928 regendis
881 3827 970 3903 alia'
977 3852 1024 3913 ex
1124 3874 1128 3885 ·

22 3920 304 4034 obsessitbt'e,
319 3938 405 4015 aiia
421 3942 470 4016 eir
502 3942 674 4019 a'rbit'rin
684 3938 860 4095 pendere
888 3940 1032 4017 viden·
