2588 4560
46 340 285 409 ¹·22

231 532 328 630 tur,
352 504 401 620 ad
426 538 524 614 illud
550 537 697 641 duplex
721 537 857 617 mundi
874 562 1075 629 tectorum
1099 573 1247 657 genus,

244 640 291 731 de
313 682 407 758 quo
416 652 657 743 dictumest,
685 655 825 754 Graeci
839 652 1080 748 retulerunt,
1106 680 1145 733 et
1154 658 1249 769 qui·

242 770 328 857 dem
354 793 428 872 pro
453 769 608 866 ingenio
634 793 728 856 sno,
755 794 835 869 quo
861 768 1061 871 quidquid
1077 792 1249 853 naturae

196 910 200 917 ·
243 881 451 966 debeatur,
490 878 553 955 vel
579 905 626 954 ex
650 899 779 956 mente
805 901 845 954 et
868 880 1044 957 sensibus
1069 883 1276 985 proficis·¹

215 990 218 997 ⁴
242 1015 381 1084 catur,
407 993 525 1096 inque
544 993 588 1065 iis
607 995 819 1096 repositum
837 995 904 1085 sit,
931 992 993 1069 vel
1011 994 1172 1072 fortuna
1192 996 1249 1075 ef·

242 1105 417 1193 liciatur²
454 1103 517 1181 vel
550 1125 655 1181 terra
692 1125 901 1194 nascatur,
939 1109 1058 1184 vitam
1091 1127 1130 1184 et
1163 1111 1250 1185 aui-

148 1204 151 1213 ’
243 1246 349 1295 mum
373 1215 531 1291 trahens
565 1220 603 1293 in
630 1245 840 1321 personam
864 1219 1033 1324 aliquam
1060 1219 1162 1313 abit,
1189 1243 1249 1300 at·

243 1355 321 1434 que
346 1355 393 1403 ex
417 1331 615 1422 omnibus,
650 1353 691 1406 et
717 1333 881 1436 quaein
908 1331 1065 1409 homine
1090 1354 1247 1413 suntet

198 1450 207 1459 “
242 1468 346 1547 quae
373 1462 482 1518 extra
507 1471 618 1537 eum,
642 1449 752 1523 Deus
779 1445 919 1551 aliquis
944 1444 1155 1547 effingitur.

610 1701 777 1765 CAPUT
818 1702 872 1765 111.

283 1842 341 1905 De
366 1836 565 1911 rationibus,
594 1855 676 1921 quae
696 1837 783 1897 inter
803 1829 878 1920 fati
902 1841 1033 1903 numina
1053 1853 1087 1905 et
1111 1841 1208 1908 Deos
1289 1894 1291 1905 .

616 1949 964 2024 neocesariae,
1287 1914 1291 2009 l

190 2212 192 2217 ι
265 2117 452 2204 ·Ratio,
489 2138 590 2217 quae
616 2115 718 2186 inter
748 2088 847 2189 haec
879 2114 1038 2191 numina
1068 2139 1108 2194 et
1132 2124 1291 2229 Deos'

222 2234 403 2332 proptio
441 2231 499 2303 sic
524 2227 680 2301 dictos
670 2228 955 2319 mtetcesserit,
991 2258 1073 2306 nou
1100 2237 1291 2312 certius

138 2347 142 2354 '
244 2341 405 2426 definita
429 2339 540 2441 apud
551 2340 793 2414 Homerum
782 2361 995 2419 invenitur
1046 2334 1291 2443 Quodne·

206 2458 210 2467 '
241 2457 337 2530 mini
363 2456 504 2527 mirum
536 2450 658 2526 videri
685 2451 821 2540 debet,
860 2448 947 2528 cuin
975 2478 1093 2558 poeta
1120 2465 1247 2563 notio·

196 2572 200 2579 ’
241 2569 358 2642 nibus
388 2565 562 2640 ludens
554 2592 593 2638 ιι]
619 2593 746 2641 rerum
779 2585 883 2640 statu
911 2568 1123 2674 mundique
1147 2578 1246 2685 regi·

241 2684 345 2758 mine
373 2676 628 2752 describendo
655 2703 734 2754 non
760 2699 868 2757 certa
894 2706 1102 2785 praecepta
1123 2704 1244 2789 atque

243 2792 438 2897 principia
464 2804 651 2889 exponat,
677 2792 840 2913 quaein
867 2815 990 2877 attem
1010 2797 1129 2896 redigi
1154 2825 1246 2899 pos·

210 2914 216 2924 '
244 2907 336 2981 sint.
387 2906 550 3004 Saepius
568 2925 685 3006 poeta
700 2906 888 2981 sententia
907 2913 1078 3007 generali
1096 2910 1246 3016 aliquid

242 3018 423 3093 enuntiat
433 3074 451 3113 ‚¹
466 3018 569 3120 quod
586 3017 636 3092 ad
660 3037 783 3092 certos
809 3024 989 3097 terminos
1014 3028 1247 3125 restringen-

242 3130 335 3203 dum
363 3149 402 3205 et
436 3157 516 3204 non
552 3131 725 3231 pressius
752 3132 1023 3232 accipiendum
1047 3157 1121 3210 est.
1171 3138 1256 3235 ΑΙ)-Ι

242 3240 379 3317 horret
404 3244 506 3345 enim
533 3269 557 3337 a
591 3243 746 3343 poetica
781 3240 949 3318 dictione
975 3250 1140 3347 eiusque
1164 3252 1247 3326 vim

222 3339 419 3457 'infringit
444 3376 483 3430 et
505 3352 703 3441 debilitat,
736 3354 907 3453 regulam
934 3380 1082 3454 ponere
1105 3356 1249 3438 additis

244 3469 555 3546 distinctionibus
590 3487 627 3539 et
653 3466 957 3566 exceptionibus.
1016 3471 1107 3545 Hoc
1138 3473 1246 3551 euim

161 3620 175 3643 ·
242 3581 492 3686 philosophi,
519 3605 597 3652 non
626 3596 765 3677 poetae
790 3598 881 3667 est„
899 3578 968 3679 qni
991 3606 1070 3656 non
1098 3603 1175 3659 tarn
1192 3582 1253 3664 ad¹

11 3677 17 3687 ’
56 3750 60 3759 ,
126 3746 132 3767 ,
202 3758 208 3765 .
241 3693 539 3794 intelligentiam
578 3689 825 3794 augendam
833 3712 870 3766 et
904 3689 1246 3826 locupletandam,

242 3816 360 3911 quam
388 3805 438 3881 ad
474 3802 722 3904 phantasiam
749 3800 927 3880 alendam
952 3808 1126 3884 carmina
1151 3836 1248 3911 pan·

241 3923 309 4027 git.
354 3917 435 3997 si
424 3937 557 4019 Ιιῑειςιιο
581 3912 781 3994 Homerus
807 3902 899 4015 (Od.
923 3941 989 4015 ιο
1016 3931 1088 4020 306
1111 3943 1154 4004 et
1178 3914 1245 4003 all.
